3028 4990
1296 349 1715 410 ..ssss-

997 666 1414 749 Excursus
1477 667 1513 746 l
1572 662 1708 775 (ad
1766 694 1850 772 p.
1910 664 2015 773 6).

537 884 727 964 Asyli
786 884 913 965 iuS,
984 901 1112 966 quo
1180 884 1294 965 qui
1357 882 1426 943 in
1498 900 1672 943 aram
1740 880 2012 944 alicuius
2085 879 2189 942 dei
2254 878 2358 941 vel
2419 878 2641 941 fanum

368 1002 626 1086 aliquod
699 999 1000 1085 (quorum
1071 999 1384 1081 quaedam
1434 1002 1749 1063 vetustate
1820 999 2113 1082 inprimis
2182 1004 2400 1063 sancta
2442 1005 2639 1083 erant,

371 1125 438 1184 ut
479 1118 800 1184 Theseum
823 1121 1118 1201 AtheniS,
1162 1118 1407 1183 Dianae
1451 1120 1762 1204 templum
1805 1119 2062 1202 Ephesi,
2104 1115 2246 1200 alia,
2292 1119 2371 1182 de
2402 1118 2639 1203 quibus

368 1263 427 1303 v.
464 1239 606 1304 Tac.
652 1243 822 1305 Anu.
870 1238 987 1322 ΙΙΙ,
1031 1238 1308 1322 60-64)
1353 1240 1826 1323 confugissent,
1863 1240 1990 1321 ipsi
2022 1239 2310 1302 scelerati
2340 1258 2413 1302 ac
2450 1243 2642 1322 servi,

370 1360 446 1423 ab
492 1360 667 1423 omni
709 1378 918 1443 poena
964 1360 1101 1422 sive
1134 1359 1621 1442 magistratuum
1653 1360 1790 1421 sive
1819 1359 2222 1423 dominorum
2255 1361 2374 1422 tuti
2402 1364 2640 1442 essent,

368 1480 470 1563 (cf.
524 1479 725 1544 Meier
778 1501 840 1543 u.
900 1478 1321 1561 Schoemann,
1376 1482 1477 1542 att.
1541 1477 1716 1542 Proc.
1779 1498 1840 1561 p.
1894 1480 2019 1542 403
2064 1484 2126 1543 et
2168 1479 2312 1561 557,
2375 1478 2639 1546 Becker.

371 1599 546 1663 Char.
596 1596 736 1661 1112.
799 1621 856 1683 p.
900 1599 982 1660 34
1037 1617 1154 1682 sq„
1213 1597 1563 1662 Hermann.
1627 1602 1745 1662 ant.
1796 1616 1948 1661 sacr.
2005 1600 2098 1662 10.
2151 1600 2254 1680 15)
2308 1620 2346 1662 a
2382 1599 2639 1662 Graecis

370 1739 562 1803 quam
596 1724 810 1782 sancte
841 1717 1128 1782 habitum
1159 1720 1242 1780 sit
1270 1737 1323 1780 e.
1369 1738 1428 1800 g.
1462 1736 1545 1780 ex
1580 1716 1761 1779 Most.
1808 1717 1969 1780 1079
2002 1737 2141 1801 sqq.
2171 1721 2640 1802 cognoscimuS,

368 1838 480 1902 ubi
550 1857 774 1901 servus
841 1839 1278 1921 nequissimus
1343 1839 1410 1899 in
1477 1857 1584 1899 ara
1635 1835 1875 1898 Loxiae
1936 1838 2168 1901 sedens
2222 1858 2400 1902 erum
2461 1841 2640 1902 miris

369 1959 574 2022 modis
630 1957 1010 2039 ludificatur,
1081 1958 1189 2020 ille
1253 1963 1463 2019 tamen
1531 1958 1597 2017 vi
1670 1975 1819 2018 eum
1880 1956 2165 2040 abripere
2234 1978 2363 2021 non
2430 1960 2639 2041 audet,

371 2098 759 2162 quamquam
827 2079 1156 2141 minitatur
1220 2098 1278 2139 v.
1348 2065 1509 2139 1100
1577 2094 1646 2138 se
1713 2077 1864 2159 igne
1934 2080 2401 2160 sarmentisque
2466 2098 2639 2142 aram

365 2199 899 2262 circumdaturum
946 2215 1123 2278 esse,
1176 2215 1381 2281 aeque
1426 2215 1498 2259 ac
1543 2195 1754 2277 Lycus
1799 2197 1965 2279 apud
2010 2196 2230 2280 Eurip.
2273 2197 2461 2261 Herc.
2512 2200 2637 2262 240

368 2340 502 2404 sqq.
614 2317 796 2394 Quod
851 2319 1046 2401 igitur
1096 2315 1348 2380 Labrax
1408 2318 1474 2379 in
1536 2314 1831 2380 Rudente
1895 2335 2111 2380 servas
2176 2336 2327 2381 suas
2394 2320 2472 2382 de
2534 2338 2642 2382 ara

368 2439 680 2503 abduc-ere
725 2440 881 2521 vult,
938 2457 1013 2502 eo
1059 2443 1312 2502 notatur
1353 2438 1498 2501 leno
1549 2436 1868 2520 „scelestus,
1925 2437 2261 2522 εαονίίεφιε,
2301 2439 2641 2522 impum“‚

369 2560 606 2643 quibus
664 2560 957 2642 epithetis
1003 2561 1167 2647 alius
1213 2558 1471 2641 quidam
1520 2558 1810 2621 eiusdem
1854 2561 2109 2641 generis
2153 2559 2340 2622 homo
2381 2564 2643 2622 ornatur

369 2678 602 2744 Pseud.
658 2680 780 2743 560
836 2698 975 2762 sqq.
1065 2680 1276 2760 Atque
1319 2678 1703 2741 Graecorum
1758 2679 2077 2760 peculiare
2121 2679 2324 2742 fuisse
2369 2679 2488 2742 hoc
2537 2681 2640 2742 ius
2688 2686 2697 2695 '

368 2803 547 2864 testis
586 2803 684 2862 est
705 2799 926 2862 Livius
961 2801 1061 2880 35,
1108 2799 1209 2880 51,
1255 2797 1283 2857 1
1342 2796 1719 2879 „Templum
1760 2802 1856 2860 est
1881 2800 2200 2881 Apollinis
2231 2773 2489 2863 Delium
2525 2848 2536 2861 .
2575 2848 2586 2860 .
2625 2847 2637 2860 .

370 2920 480 2983 ubi
541 2923 604 2982 et
662 2922 731 2982 in
786 2920 933 2984 fano
996 2920 1270 3002 lucoque
1336 2936 1411 2979 ea
1454 2917 1764 3001 religione
1809 2924 1871 2981 et
1913 2939 1989 2982 eo
2027 2920 2168 2982 iure
2218 2923 2455 2997 sancto,
2514 2939 2641 3002 quo

371 3044 521 3103 sunt
573 3039 828 3123 templa,
894 3059 1057 3122 quae
1119 3039 1298 3119 asyla
1344 3037 1572 3100 Graeci
1629 3039 2006 3123 adpellant.“
2099 3038 2238 3115 Quo
2287 3040 2641 3123 explicatur

371 3159 539 3241 quod
583 3156 858 3222 Romani
904 3158 1286 3222 Graecorum
1332 3160 1510 3239 asyla
1556 3161 1820 3222 minime
1864 3158 2188 3241 curabant,
2235 3159 2309 3222 cf.
2357 3157 2546 3222 Paus.
2591 3156 2642 3237 I,

371 3280 474 3362 20,
540 3282 613 3362 7,
681 3280 793 3362 qui
857 3278 1098 3342 Sullam
1155 3278 1234 3341 ob
1291 3297 1430 3342 eam
1492 3297 1751 3342 causam
1816 3281 2175 3341 taeterrimo
2241 3278 2462 3342 morbo
2535 3279 2642 3342 ab·

373 3404 699 3483 sumptum
744 3417 888 3461 esse
934 3402 1144 3461 narrat
1190 3395 1327 3479 ,,ὅτι
1365 3390 1802 3484 καταφυγόντα
1847 3399 1906 3472 ἐς
1945 3393 2019 3461 τὸ
2063 3403 2173 3472 τῆς
2199 3396 2455 3493 Ἀθηνᾶς
2497 3394 2645 3485 ἱερὸν

369 3517 710 3582 ἀπέκτεινεν
760 3509 1117 3591 ἀποσπάσας
1151 3516 1574 3604 Ἀριστίωνα“,
1630 3523 1693 3581 et
1750 3517 1874 3582 Cic.
1933 3518 2011 3580 Il.
2063 3519 2237 3582 Verr.
2304 3517 2355 3601 I,
2413 3519 2514 3601 33,
2560 3520 2641 3581 85

374 3642 631 3725 „Nuper
684 3639 766 3702 M.
817 3640 1079 3703 Aurelio
1141 3638 1377 3703 Scauro
1442 3642 1841 3724 postulante,
1906 3640 2073 3723 quod
2134 3642 2192 3702 is
2259 3638 2500 3721 Ephesi
2572 3659 2642 3702 se

373 3767 774 3847 quaestorem
839 3764 905 3824 vi
971 3761 1358 3844 prohibitum
1426 3779 1571 3822 esse
1634 3761 1911 3842 dicebat,
1973 3762 2320 3843 quominus
2395 3779 2431 3823 e
2495 3760 2640 3823 fano

371 3882 616 3947 Dianae
681 3902 939 3947 servum
998 3902 1224 3964 suum,
1283 3883 1393 3964 qui
1446 3885 1517 3944 in
1573 3881 1729 3944 illud
1772 3882 2025 3962 asylum
2071 3881 2489 3965 confugisset,
2534 3879 2639 3944 ab·

371 4004 645 4086 duceret,
673 4001 951 4066 Pericles
973 4002 1316 4085 EphesiuS,
1335 4003 1525 4066 homo
1560 4000 2022 4082 nobilissimuS,
2041 3998 2310 4064 Romam
2341 4007 2642 4067 evocatus

372 4131 487 4209 est,
534 4126 703 4209 quod
748 4129 965 4189 auctor
1009 4124 1182 4188 illius
1227 4124 1502 4187 iniuriae
1546 4124 1747 4186 fuisse
1794 4123 2232 4206 arguebatur.“
2301 4123 2406 4189 Ex
2442 4124 2643 4190 Taciti

371 4253 584 4313 autem
628 4250 765 4313 loco
811 4266 860 4309 c.
910 4251 1334 4332 comperimus
1380 4243 1706 4309 Tiberium
1759 4247 1829 4307 in
1877 4245 2134 4309 Graecis
2181 4245 2448 4315 urbibus
2493 4271 2642 4315 con-

372 4372 677 4453 stituisse,
722 4369 1046 4451 asylorum
1091 4372 1193 4434 ius
1239 4391 1320 4435 no
1368 4372 1610 4435 valeret
1653 4372 1779 4435 nisi
1809 4375 1878 4435 in
1912 4377 2153 4457 septem
2184 4376 2644 4439 vetustissimis
