3028 4990
1311 327 1733 390 —20-

386 514 613 577 trinam
663 513 985 597 quandam
1028 512 1136 574 illa
1179 511 1257 575 de
1302 513 1671 576 hominibus
1717 514 2052 576 immature
2098 506 2308 599 (ἄωροι
2349 514 2494 577 Solo
2540 514 2664 596 frg.

389 634 491 714 27,
540 635 618 696 19
657 632 730 696 B.
797 631 944 719 ἀωρὶ
1011 621 1264 711 θανάτῳ
1344 651 1394 695 S.
1465 622 1888 717 ἀωροθάνατοι
1952 633 2267 715 Arist-oph.
2333 632 2512 715 srgm.
2576 629 2670 712 Π,

388 773 448 835 p.
499 754 684 834 1207,
733 754 852 816 139
900 752 1123 832 Mein.)
1169 755 1504 815 exstinctis
1552 755 1868 815 sententia
1913 752 2161 815 videtur
2205 774 2242 815 a
2285 751 2500 814 Persis
2546 771 2671 813 ex-

389 874 558 936 culta
600 892 765 954 esse,
810 892 958 936 cum
1003 846 1608 955 TertullianUS,⁰qui
1656 874 1723 934 in
1768 871 1927 936 libro
1974 873 2051 935 de
2098 874 2311 934 anima
2356 870 2450 951 (cf.
2496 890 2546 932 c.
2580 871 2667 931 56

393 992 636 1072 „Aiunt
692 992 753 1052 et
810 993 1149 1052 immatura
1193 993 1393 1052 morte
1438 995 1818 1072 praeventos
1866 1010 1941 1052 eo
1984 1010 2190 1072 usquc
2237 991 2452 1072 vagari
2498 991 2669 1068 istic,

392 1111 594 1173 donec
649 1110 894 1193 reliqua
952 1109 1343 1191 compleatur
1399 1110 1662 1172 a-etatis“
1709 1110 1852 1190 etc.)
1910 1111 1976 1171 in
2024 1130 2097 1172 ea
2146 1129 2213 1172 re
2261 1109 2502 1171 multus
2545 1113 2668 1188 est,

393 1228 721 1293 vocabulis
766 1218 992 1313 ἀώρους
1050 1233 1111 1291 et
1171 1218 1634 1308 βιαιοθανάτους
1679 1229 1921 1290 eisdem
1969 1247 2038 1290 se
2084 1230 2177 1290 uti
2224 1227 2390 1291 dicat
2432 1229 2508 1308 (c.
2559 1228 2666 1306 57)

397 1349 670 1432 „quibus
716 1350 962 1411 auctrix
1009 1350 1379 1430 opinionum
1427 1351 1695 1411 istarum
1736 1348 1945 1432 Magia
1991 1351 2192 1428 sonat,
2235 1346 2557 1442 Hostanes
2604 1351 2671 1409 et

394 1467 661 1552 Typhon
706 1473 769 1531 et
819 1467 1157 1531 Dardanus
1203 1472 1265 1530 et
1308 1467 1696 1551 Damigeron
1744 1474 1805 1532 et
1846 1467 2146 1531 Nectabis
2186 1472 2249 1530 et
2291 1467 2659 1530 Berenice“.

397 1586 713 1662 Quoniam
772 1589 967 1671 igitur
1021 1589 1085 1649 in
1148 1586 1414 1650 aedibus
1472 1586 1929 1670 Theopropidis
1992 1607 2219 1670 corpus
2282 1588 2552 1649 alicuius
2599 1588 2664 1648 vi

398 1708 590 1769 occisi
655 1708 1049 1788 insepultum
1108 1708 1313 1771 iacere
1359 1694 1701 1789 animaque
1746 1708 2030 1789 inquieta
2074 1708 2529 1789 circumvagari
2573 1706 2667 1768 di-

398 1829 579 1908 citur,
644 1827 912 1890 scelesta
977 1847 1048 1889 ac
1106 1828 1392 1910 capitalis
1453 1832 1552 1891 est
1613 1832 1741 1916 tota
1803 1827 2101 1889 habitatio
2166 1829 2407 1910 quique
2465 1827 2669 1908 tangit

324 2008 329 2016 ,
400 1965 538 2008 eam
588 1946 940 2012 secundum
985 1951 1270 2010 veterum
1318 1949 1858 2010 existimationem
1893 1948 2029 2029 ipse
2060 1946 2129 2008 fit
2159 1948 2447 2029 impurus
2479 1950 2669 2027 atquc

401 2066 697 2148 indigens
759 2068 1139 2148 expiatione.
1232 2066 1441 2142 Quare
1502 2071 1626 2130 iam
1691 2069 1964 2150 primum
2012 2065 2239 2130 Tra-nio
2297 2065 2408 2128 ubi
2465 2084 2666 2128 senex

401 2186 883 2267 superstitiosus
930 2186 1198 2269 pultavit
1235 2187 1403 2249 'fores
1453 2206 1710 2251 suarum
1746 2187 2019 2267 aedium,
2063 2188 2243 2268 quasi
2274 2188 2499 2249 timore
2530 2205 2670 2269 per-

402 2323 631 2367 cussus
677 2305 991 2369 exclamat
1035 2304 1214 2387 (464)
1261 2306 1509 2380 „Mzetuo
1555 2317 1607 2368 te
1635 2317 1810 2390 atque
1842 2307 1977 2368 istos
2010 2306 2256 2386 θηρίων
2291 2317 2354 2366 ut
2373 2306 2667 2387 pos-sies&

401 2429 760 2509 terramque
804 2445 953 2488 eum
998 2430 1258 2510 tangere
1290 2426 1486 2508 iubet,
1538 2446 1619 2488 sc.
1654 2427 1729 2488 ad
1762 2426 1996 2488 inferos
2029 2426 2369 2510 placandos
2417 2426 2518 2508 (de
2551 2427 2670 2488 hoc

401 2548 527 2609 ritu
568 2545 893 2610 veteribus
938 2550 1259 2608 communi
1317 2547 1391 2607 cf.
1436 2545 1509 2608 Il.
1550 2545 1667 2626 IX,
1715 2547 1837 2609 568
1884 2566 1975 2630 sq.
2043 2546 2231 2609 Macr.
2277 2545 2401 2609 Sat.
2453 2544 2566 2626 ΙΙΙ,
2612 2547 2671 2626 9,

404 2667 524 2746 12),
572 2685 644 2728 ac
677 2669 994 2746 postremo
1028 2666 1359 2748 strepitum
1390 2666 1567 2727 intus
1603 2666 1889 2727 auditum
1920 2664 2303 2728 Lemuribus
2341 2667 2673 2729 monstris-

407 2805 531 2868 que
595 2785 721 2847 illis
777 2786 1237 2848 commenticiis
1283 2784 1621 2847 tribuendo
1666 2803 1739 2847 eo
1790 2786 2079 2867 perducit,
2120 2805 2299 2848 erum
2345 2787 2674 2849 meticulo-

406 2925 572 2986 sum,
616 2911 682 2968 ut
726 2910 940 2988 operto
973 2907 1174 2988 capite
1205 2886 1490 2987 aufugiat
1514 2903 1862 2967 Herculem
1894 2906 2205 2968 invocans
2245 2905 2340 2985 (cf.
2379 2903 2501 2966 508
2535 2924 2672 2988 sqq.

409 3024 610 3099 „Cave
669 3026 952 3106 respexi&
1001 3025 1175 3107 fay&
1221 3026 1391 3105 operi
1429 3036 1610 3106 caput
1656 3072 1668 3085 .
1725 3073 1739 3086 .
1789 3072 1802 3085 .
1856 3025 2045 3107 Atque
2091 3023 2407 3085 Herculem
2450 3025 2674 3086 invoca.

404 3162 490 3191 ‘—-
538 3144 839 3218 Hercule&
891 3156 944 3206 te
986 3167 1088 3226 690
1131 3145 1403 3226 im⁹0c0“)
1450 3150 1520 3208 ut
1556 3136 1955 3223 Ἀλεξίκακον,
2022 3163 2212 3228 quem
2267 3164 2414 3208 oum
2462 3146 2677 3207 omnia

361 3272 364 3276 ’
409 3266 575 3328 mala
618 3269 753 3328 tum
785 3264 1065 3345 umbraS,
1112 3266 1263 3346 quia
1292 3266 1467 3345 ipsos
1497 3266 1733 3328 inferos
1762 3267 2022 3346 vicerat,
2069 3266 2420 3348 propellere
2454 3264 2676 3326 Graeci

407 3383 712 3468 putabant
755 3385 853 3464 (cf.
904 3383 1159 3447 Preller.
1211 3385 1402 3464 myth.
1450 3404 1656 3467 graec.
1703 3384 1813 3467 11³,
1859 3406 1919 3467 p.
1956 3387 2076 3447 272
2124 3387 2265 3469 sq.).
2353 3384 2495 3447 Hoc
2543 3385 2678 3466 epi·

408 3505 622 3568 theton
682 3506 750 3567 in
805 3505 1015 3567 Attica
1067 3504 1282 3567 fabula
1344 3503 1608 3566 Herculi
1668 3505 1947 3567 additum
2007 3505 2208 3567 fuisse
2254 3503 2403 3567 inde
2450 3503 2677 3585 colligo

411 3624 582 3708 quod
620 3625 685 3686 in
734 3625 1027 3705 sequenti
1072 3642 1261 3686 versu
1306 3621 1600 3686 Plautino
1645 3621 1874 3686 Tranio
1919 3643 2139 3687 senem
2183 3624 2532 3706 fugientem
2578 3622 2678 3684 his

409 3745 815 3827 prosequitur
858 3743 1104 3806 verbis:
1171 3743 1305 3817 „Et
1348 3766 1449 3825 eqo
1509 3746 1621 3823 (sc.
1670 3743 2015 3806 Herculem
2070 3744 2322 3822 invoco)
2366 3742 2473 3803 tibi
2508 3741 2681 3803 hodie

410 3873 473 3923 ut
533 3863 647 3937 det,
707 3885 898 3939 senece,
958 3886 1238 3946 maqmnn
1291 3863 1581 3925 malum“.
1678 3864 1960 3926 Videsne
2014 3866 2186 3926 enim
2233 3863 2352 3925 hoc
2401 3863 2678 3943 „malum

411 3984 597 4046 dare⁶⁴
644 3985 844 4046 facete
891 3986 1253 4066 oppositum
1298 4003 1441 4047 esse
1485 3987 1578 4063 τῷ
1630 3984 1907 4064 „malum
1953 3985 2296 4064 avertere“,
2354 3981 2521 4066 quod
2568 4001 2681 4043 ox-

412 4105 628 4186 primit
690 4103 846 4167 illud
914 4104 1225 4167 Graecum
1295 4105 1620 4186 epitheton
1689 4097 1943 4180 (,,κοι>ὶὸν
2008 4110 2229 4165 ποιεῖνιι
2292 4108 2384 4183 τῷ
2455 4097 2682 4182 ,,κακὸν

412 4213 818 4303 ἀλέξασθαι“)
840 4225 870 4286 P
