3028 4990
1258 365 1676 427 ...19-

496 547 632 611 Iam
695 568 847 613 vero
910 548 1488 612 Mostellariae
1552 550 1904 632 argumenti
1955 549 2165 611 omnis
2208 549 2494 610 inventio
2543 551 2605 610 et

327 670 610 732 tractatio
655 670 838 752 quasi
883 669 1295 733 fundamento
1342 671 1561 732 nititur
1606 670 2064 750 superstitiosis
2110 672 2396 730 veterum
2444 686 2603 749 quas

331 786 592 870 quidem
656 789 734 852 de
796 793 994 851 morte
1054 790 1448 871 mortuisque
1506 787 1864 851 habuerunt
1922 787 2351 870 opinionibus.
2438 787 2603 850 Nam

331 908 870 990 praeclarissimae
934 927 1006 971 ac
1059 909 1517 990 pulcherrimae
1578 911 1771 971 totius
1818 908 2067 971 fabulae
2118 927 2348 970 scenae
2392 907 2499 989 (ΙΙ,
2541 910 2604 985 2)

331 1025 640 1090 festivitas
700 1029 767 1090 in
834 1048 908 1091 eo
967 1030 1251 1112 vertitur,
1313 1029 1483 1111 quod
1528 1027 1757 1091 Tranio
1807 1047 2052 1109 serVUS,
2109 1028 2389 1090 fallacias
2436 1047 2605 1090 com-

331 1147 611 1228 ponendi
653 1147 919 1210 callidus
966 1148 1211 1229 artifex,
1265 1167 1445 1210 erum
1494 1167 1577 1210 ex
1619 1150 1843 1210 itinere
1887 1143 2259 1211 redeuntem
2311 1148 2387 1210 ab
2435 1148 2605 1211 aedi-

332 1265 478 1348 buS,
540 1266 650 1329 ubi
719 1266 891 1329 filius
955 1269 1093 1329 eius
1162 1287 1307 1330 cum
1370 1268 1569 1331 sodali
1634 1269 1985 1349 scortisque
2042 1270 2171 1350 agit
2214 1270 2605 1348 convivium,

332 1384 620 1468 prohibet
664 1383 974 1449 simulans
1015 1386 1106 1449 ibi
1152 1390 1367 1469 vagari
1415 1389 1677 1470 hospitis
1721 1387 1797 1449 ab
1842 1388 2087 1469 hospite
2128 1388 2449 1471 quondam
2496 1407 2606 1449 ne-

336 1506 457 1567 cati
502 1507 804 1586 animam,
850 1525 1013 1588 quae
1058 1508 1246 1569 etiam
1291 1507 1420 1570 filio
1467 1509 1608 1570 eius
1653 1510 1720 1570 in
1766 1508 2034 1569 somniis
2081 1508 2220 1569 visa
2265 1509 2480 1589 itaque
2517 1507 2606 1569 lo-

334 1628 483 1687 cuta
525 1626 634 1687 sit:
685 1627 829 1704 (499
857 1627 1024 1708 sqq.)
1069 1626 1252 1707 „1390
1293 1627 1732 1687 transmarinus
1776 1625 1984 1707 hospes
2025 1649 2156 1686 sum
2204 1625 2604 1706 I)c'apontius;

336 1742 458 1804 Hic
506 1743 722 1819 habito,
786 1744 927 1806 haec
978 1745 1130 1806 milei
1174 1746 1427 1806 deditast
1470 1745 1797 1819 Ῐιαόἱεατὶος
1864 1745 2032 1807 Nam
2076 1768 2170 1808 me
2214 1745 2608 1807 Acheruntem

339 1864 603 1944 recipere
665 1863 854 1926 Orcus
905 1865 1113 1940 moluit,
1171 1864 1328 1942 Quia
1374 1876 1768 1946 praemature
1819 1867 1939 1926 ‘vita
1996 1888 2166 1927 careo
2214 1912 2228 1926 .
2279 1913 2292 1925 .
2340 1911 2353 1925 .
2401 1863 2610 1944 hospes

335 2005 429 2045 me
486 1983 579 2044 hia
634 1985 856 2046 necavit
912 1985 1074 2068 isque
1116 2007 1209 2047 me
1250 1984 1508 2067 quodit
1549 1985 1903 2066 insepultum
1947 1985 2101 2046 clam
2141 1986 2205 2046 in
2247 1985 2399 2046 hisce
2441 1984 2609 2045 aedi-

337 2102 509 2162 bus“.
597 2101 717 2165 His
764 2103 977 2167 verbis
1018 2105 1255 2186 duplex
1300 2106 1741 2186 pronuntiatur
1787 2124 1998 2186 causa,
2059 2125 2171 2166 cur
2229 2105 2463 2166 factum
2509 2105 2609 2183 sit,

338 2228 408 2285 ut
450 2225 680 2286 mortui
725 2225 936 2286 anima
983 2228 1257 2306 nequeat
1301 2224 1377 2286 ad
1424 2224 1660 2286 inferos
1701 2225 2104 2299 descendere,
2148 2228 2209 2285 et
2241 2223 2408 2306 quod
2441 2222 2607 2285 haud

337 2344 455 2404 rite
502 2361 730 2425 corpus
771 2344 835 2404 in
887 2344 1176 2424 sepulcro
1224 2342 1550 2404 conditum
1600 2344 1701 2423 sit,
1761 2347 1828 2404 et‘
1867 2344 2035 2425 quod
2081 2346 2226 2404 ante
2272 2346 2527 2422 tempus
2574 2362 2610 2403 a

336 2463 461 2526 fato
526 2463 912 2526 destinatum
973 2462 1184 2526 subita
1240 2462 1348 2526 ille
1414 2482 1485 2526 ac
1527 2464 1804 2525 violenta
1849 2465 2046 2525 morte
2090 2463 2172 2524 sit
2211 2461 2604 2544 absumptus,

342 2586 550 2666 Atque
614 2585 782 2666 prior
851 2583 1107 2665 quidem
1174 2585 1452 2665 opinatio
1514 2584 1884 2666 pervulgata
1950 2585 2113 2666 apud
2181 2587 2428 2645 veteres
2493 2586 2609 2663 est,

340 2704 533 2765 altera
600 2704 718 2765 etsi
784 2705 998 2765 minus
1067 2702 1398 2783 celebrata,
1464 2707 1678 2764 tamen
1738 2706 1875 2786 ipsa
1930 2722 2187 2787 quoque
2235 2704 2493 2765 Graecis
2551 2706 2612 2763 et

339 2820 647 2885 Romanis
693 2824 1073 2903 communis,
1117 2823 1190 2884 cf.
1241 2822 1375 2884 Liv.
1423 2821 1538 2903 Ill,
1571 2824 1670 2902 58,
1707 2822 1779 2883 11
1835 2822 2224 2904 „Manesque
2257 2798 2609 2904 Virginiac,

338 2950 622 3006 mortuae
685 2963 876 3024 quam
939 2945 1126 3005 vivae
1186 2943 1506 3022 felicioriS,
1570 2961 1680 3024 per
1740 2945 1830 3004 tot
1889 2940 2109 3003 domos
2167 2942 2244 3003 ad
2303 2940 2612 3023 petendas

336 3081 576 3144 poenas
653 3064 862 3145 vagati
937 3062 1111 3124 nullo
1191 3061 1404 3123 relicto
1480 3064 1659 3123 sonte
1736 3060 1989 3122 tandem
2072 3060 2503 3142 quieverunt“
2530 3059 2608 3140 ²⁸).

343 3182 616 3244 Graecos
676 3186 887 3245 autem
947 3181 1170 3244 eadem
1228 3182 1358 3243 fere
1415 3179 1492 3241 de
1559 3179 1926 3242 hominibus
1982 3179 2173 3242 caede
2219 3181 2613 3261 interemptis

344 3301 467 3364 sibi
528 3301 799 3363 finxisse
866 3302 1048 3364 docet
1112 3302 1476 3383 exemplum
1538 3299 1713 3362 lonis
1775 3302 1842 3361 in
1891 3299 2193 3379 Aeschyli
2239 3298 2613 3361 Prometheo

343 3422 422 3486 ad
468 3423 787 3484 insaniam
831 3422 1120 3484 redactae
1165 3420 1323 3503 Argi
1369 3442 1404 3482 a
1450 3419 1759 3482 Mercurio
1807 3421 2008 3481 necati
2059 3417 2281 3481 umbra
2336 3409 2614 3499 (εἴδωλον

333 3535 546 3627 Ἄργου
607 3546 911 3625 γηγενοῦς,
970 3542 1082 3624 qui
1145 3533 1257 3600 τάν
1317 3530 1607 3599 τάλαιναν
1665 3529 1730 3610 ἐξ
1792 3537 2001 3623 ἐνέρων
2053 3542 2246 3623 περῶν
2286 3546 2612 3620 κυναγετεῖ,

346 3661 469 3724 568
510 3664 700 3744 sqq.);
745 3666 933 3744 atque
965 3661 1282 3741 imprimis
1314 3659 1563 3741 vulgari
1594 3659 1914 3740 opinione,
1963 3678 2153 3740 quam
2192 3660 2407 3720 sanxit
2434 3655 2612 3720 Plato

345 3779 422 3841 de
481 3779 644 3862 legg.
692 3777 802 3859 IX,
844 3801 899 3862 p.
949 3780 1069 3842 865
1096 3779 1195 3861 Π,
1239 3773 1270 3840 ὁ
1318 3779 1705 3849 θανατωθεὶς
1761 3777 1963 3856 βιαίως
2025 3776 2327 3860 θυμοῦταί
2387 3798 2458 3837 τε
2523 3780 2613 3854 τῷ

345 3890 632 3984 δράσαντι
674 3900 774 3959 καὶ
817 3893 924 3959 τὸν
964 3900 1180 3960 ἑαυτοῦ
1229 3897 1412 3983 φονέα
1455 3889 1740 3981 δειμαίνει
1782 3898 1881 3958 καὶ
1932 3887 2236 3982 ταράττει.
2327 3898 2425 3959 Ad
2472 3899 2616 3960 doc·-

641 4056 765 4063 ..ω

2589 4076 2620 4091 O

487 4139 543 4205 ³¹²)
596 4139 825 4191 Romani
871 4138 969 4191 has
1021 4140 1225 4191 animas
1260 4138 1518 4191 Lemures
1557 4137 1914 4205 appellabant,
1970 4137 2035 4190 cf.
2075 4137 2341 4208 Porphyr.
2383 4138 2449 4191 ad
2487 4137 2613 4189 Hor.

344 4206 625 4294 Epist.11,
662 4225 712 4288 2,
750 4224 854 4277 208
892 4224 1181 4287 „Lemures
1218 4224 1432 4276 umbras
1468 4226 1726 4290 vagantes
1765 4224 2043 4277 hominum
2087 4228 2213 4277 ante
2251 4225 2389 4277 diem
2428 4224 2616 4276 mortis

349 4315 682 4366 mortuorum
721 4317 776 4367 et
811 4311 929 4365 ideo
970 4312 1335 4374 metuendos“,
1375 4314 1537 4378 atque
1575 4310 1749 4362 tribus
1784 4312 2161 4364 anniversariis
2189 4310 2373 4364 diebus
2401 4312 2620 4364 noctur-

348 4400 432 4452 nis
469 4401 635 4454 sacris
675 4399 940 4453 Lemuriis
976 4400 1279 4468 placabant,
1318 4397 1381 4450 dc
1420 4397 1610 4464 quibus
1648 4396 1716 4449 cf.
1755 4397 1908 4452 Ovid.
1944 4398 2093 4451 Fast.
2134 4400 2198 4461 V,
2236 4399 2339 4450 419
2376 4414 2489 4466 sqq.
