3028 4990
1241 360 1319 369 -.
1406 323 1658 416 63..-

316 511 424 575 ubi
487 512 557 572 in
603 511 815 572 Attica
880 509 1234 572 comoedia
1265 524 1508 589 coquus
1556 508 1665 588 qui
1725 524 1800 568 ea
1843 506 2143 588 loquitur,
2206 508 2276 567 ut
2320 506 2584 584 videtur,

316 631 622 713 gloriatus
679 632 774 690 est
836 647 906 690 se
959 628 1270 710 pecuniae
1300 626 1401 717 *ad
1460 625 1801 687 obsonium
1867 624 2216 687 destinatae
2276 625 2586 688 decimam

319 753 556 831 partem
619 747 741 809 sibi
800 746 1145 809 abstulisse
1209 747 1392 829 quasi
1449 744 1609 806 deus
1665 748 1773 806 aut
1818 748 2062 827 satrapa
2104 747 2213 806 aut
2255 747 2587 825 tyrannuS,

320 866 553 950 quibus
602 868 703 928 ius
746 868 916 926 esset
952 853 1294 925 δεκατεύειν
1335 863 1436 945 (cf.
1469 838 1709 943 Boclzh,
1743 861 2172 926 Staatshaush.
2207 863 2258 945 I,
2289 866 2412 927 440
2446 867 2584 948 sq).

320 985 585 1050 Plautus
667 989 913 1065 autem,
996 986 1147 1066 quia
1210 981 1485 1046 Romani
1559 982 1869 1044 decimam
1945 989 2249 1066 quaestus
2323 988 2430 1047 aut
2501 985 2590 1046 rei

318 1104 643 1168 familiaris
685 1103 950 1167 Herculi
996 1104 1113 1166 soli
1157 1101 1596 1186 pollucebant,
1656 1103 1818 1164 dixit
1861 1104 2034 1165 illam
2104 1114 2383 1185 „partem
2427 1100 2592 1164 Her-

320 1226 688 1288 culaneanr‘
763 1223 1130 1305 addiditque
1200 1241 1316 1285 suo
1399 1221 1655 1284 arbitrio
1713 1224 1989 1305 pretium
2044 1223 2327 1286 decimae
2396 1223 2592 1304 partis

324 1347 537 1408 minae
600 1346 886 1427 quinque
946 1361 1265 1422 nummOS,
1325 1360 1410 1403 sc.
1467 1341 1893 1421 didrachmOS,
1955 1362 2081 1424 quo
2143 1361 2408 1404 nummo
2463 1361 2592 1405 non

329 1464 755 1527 Athenienses
803 1465 927 1526 illis
972 1461 1385 1545 temporibus,
1439 1463 1551 1542 qui
1594 1461 2071 1542 tetradrachmO,
2117 1481 2340 1524 verum
2374 1461 2594 1524 Graeci

327 1580 544 1645 Italiae
589 1582 904 1644 inferioris
935 1582 1182 1644 incolae
1210 1585 1551 1643 uterentur.
1644 1579 1871 1664 Neque
1896 1581 2076 1642 aliter
2105 1601 2248 1644 mea
2280 1583 2598 1644 sententia

331 1701 557 1765 Bacch.
626 1702 748 1763 663
818 1721 955 1783 sqq.
1030 1702 1178 1775 „Set
1245 1701 1397 1762 lubet
1458 1701 1608 1762 scire
1676 1711 1962 1783 quantum
2026 1722 2246 1760 aarum
2302 1721 2435 1761 erus
2488 1699 2600 1760 sibi

333 1822 613 1904 Dempsit
671 1833 722 1883 et
775 1823 923 1905 quid
975 1843 1077 1882 suo
1120 1822 1385 1884 reddidit
1417 1823 1630 1902 patri.-
1690 1821 1762 1881 Si
1791 1821 2042 1904 fru9i8t‚
2091 1820 2411 1883 Herculem
2449 1820 2599 1903 fecit

332 1965 402 2004 ea:
451 1952 664 2022 patre.-
722 1941 1063 2003 Decumam
1114 1952 1356 2021 partem
1410 1942 1464 2003 ei
1527 1943 1696 2018 dedit,
1743 1942 1855 2003 sibi
1895 1964 2101 2004 ‘novem
2141 1942 2430 2023 apstulit“
2487 1962 2599 2026 pro

334 2061 615 2144 qualibet
655 2061 901 2123 decima
946 2063 1160 2144 posuit
1200 2060 1692 2143 Herculaneam,
1737 2066 1800 2124 et
1847 2061 2029 2124 Most.
2077 2063 2199 2124 983
2238 2081 2330 2145 sq.
2379 2060 2601 2136 „Unus

331 2183 458 2244 istic
523 2203 715 2243 servos
790 2192 872 2244 est
934 2202 1308 2243 sacer-ramus
1322 2228 1338 2255 ‚
1408 2181 1628 2243 Tranio
1647 2205 1665 2241 .·
1732 2182 1783 2242 is
1847 2181 1935 2244 vel
2005 2181 2256 2244 Herculi
2317 2193 2608 2244 conterere

336 2313 640 2387 quaestum
693 2303 960 2382 possiet“
1008 2305 1075 2363 in
1123 2305 1331 2364 Attico
1375 2303 1725 2385 exemplari
1770 2321 1898 2364 non
1946 2300 2274 2383 HerculiS,
2306 2308 2397 2377 ,at
2443 2306 2606 2368 alius

336 2429 546 2485 tamen
581 2422 704 2504 dei,
749 2441 801 2484 e.
836 2442 894 2505 g.
938 2421 1259 2503 Apollinis
1291 2420 1604 2505 Delphici,
1652 2423 1838 2484 cuius
1869 2424 1936 2483 in
1975 2425 2281 2506 templum
2312 2428 2606 2511 ingentes

339 2545 455 2606 hoc
499 2544 685 2607 modo
722 2542 1050 2605 defluxere
1082 2544 1322 2623 copiae,
1368 2543 1615 2607 decima
1645 2564 1916 2627 magnae
1951 2544 2209 2608 divitiae
2241 2547 2609 2632 designatae

339 2670 550 2744 erant,
592 2665 697 2725 vel
741 2665 932 2726 etiam
976 2669 1144 2726 certo
1195 2664 1470 2745 quodam
1518 2666 1831 2728 eiusmodi
1878 2666 2082 2747 donc,
2145 2669 2315 2750 quod
2359 2675 2611 2753 propter

340 2785 651 2846 eximium
701 2783 1102 2865 splendorem
1147 2786 1336 2864 atque
1375 2785 1762 2865 opulentiam
1795 2788 1865 2848 in
1892 2786 2299 2869 proverbium
2332 2799 2612 2872 venerat,

341 2910 406 2967 ut
450 2905 560 2966 illa
608 2902 1031 2988 ,Συρακοσίων
1076 2893 1344 2971 δε-»ιείιτιηιι
1392 2902 1687 2990 Paroem..
1729 2906 1831 2969 Gr.
1880 2906 1911 2967 1
1976 2926 2035 2988 p.
2085 2908 2226 2969 455.

511 3026 598 3088 At
660 3024 848 3088 Stich.
917 3022 1060 3104 233,
1132 3022 1241 3085 ubi
1305 3026 1619 3106 parasitus
1695 3027 2015 3108 praedicta
2081 3030 2404 3109 auctione,
2489 3048 2615 3112 qua

342 3144 548 3226 „loqos
582 3144 884 3217 ridiculos,
933 3142 1347 3219 cavillationes,
1393 3146 1934 3208 adsentatiunculas
1963 3169 2034 3208 ac
2069 3148 2618 3227 periuratimzcalas

337 3264 742 3344 parasiticas“
798 3283 956 3327 cena
1014 3270 1121 3327 aut
1180 3267 1444 3345 prandio
1489 3287 1559 3329 se
1606 3267 1882 3330 vendere
1928 3269 2094 3331 velle
2134 3270 2405 3351 iocatur,
2458 3269 2617 3332 lucri

346 3385 656 3447 decimam
718 3384 980 3447 Herculi
1041 3391 1249 3468 vovet,
1314 3406 1432 3449 nec
1486 3389 1701 3450 minus
1765 3389 1876 3470 qui
1924 3388 2147 3451 eodem
2194 3394 2477 3473 spectant
2515 3411 2619 3458 vv,

348 3506 467 3567 386
507 3504 857 3582 „Hercules,
903 3510 1211 3571 decumam
1249 3530 1366 3571 esse
1403 3508 1721 3569 adauctam
1767 3509 1873 3569 tibi
1913 3531 2095 3592 qaam
2124 3509 2254 3571 vovi
2277 3510 2618 3592 yratulor“,

349 3630 412 3689 et
485 3627 605 3689 392
684 3626 1042 3711 „Hercules,
1112 3630 1217 3714 qai
1281 3630 1422 3690 deus
1483 3630 1596 3708 sis,
1663 3649 1803 3689 sane
1869 3629 2179 3691 discessisti
2237 3653 2353 3692 non
2419 3632 2617 3714 bene“,

350 3747 630 3829 integros
694 3755 842 3832 puto
907 3754 1193 3831 receptos
1255 3768 1397 3811 esse
1457 3749 1534 3812 ab
1580 3751 1789 3812 Attico
1845 3756 2059 3831 poeta,
2120 3753 2231 3834 qui
2291 3755 2619 3835 aptissime

352 3874 655 3964 qua-estus
702 3873 1036 3953 parasitica
1081 3875 1212 3934 arte
1258 3871 1401 3933 sacti
1434 3871 1743 3934 decimam
1777 3871 2043 3935 Herculi
2090 3881 2157 3935 ut
2202 3876 2620 3956 parasitorum

351 3993 612 4070 patrono
659 3992 752 4070 (cf.
800 4012 857 4073 p.
910 3994 1037 4073 32.)
1083 3992 1315 4054 faceret
1360 3994 1607 4073 voveri,
1677 3995 1841 4055 sicut
1883 3984 2275 4077 ἰχθυοπώλας
2321 3993 2621 4077 Neptuno

352 4108 660 4173 decimam
731 4112 1050 4193 pollucere
1132 4111 1388 4195 Diphilo
1462 4117 1963 4176 consentaneum
2025 4116 2239 4178 visum
2308 4120 2403 4179 est
2462 4120 2503 4178 4
2560 4139 2619 4201 p.

356 4231 496 4311 390,
543 4230 623 4293 II.
670 4229 798 4308 „013
838 4224 1067 4294 πώποτ’
1125 4237 1301 4317 ἰχθῦς
1341 4225 1474 4294 οἶδα
1519 4233 1909 4319 τιμιωτέρους
1953 4226 2110 4301 ἰδών,
2199 4227 2518 4316 Πόσειδον,
2574 4243 2624 4299 εἰ

354 4341 616 4420 δεκάτην
673 4344 1001 4436 ἐλάμβανες
1052 4350 1255 4414 αὐτῶν
1307 4349 1425 4415 ἀπὸ
1486 4359 1596 4427 τῆς
1639 4360 1815 4441 τιμῆς
1875 4348 2132 4430 ἑκάστης
2187 4351 2424 4442 ἡμέρας,
2470 4351 2624 4418 πολὺ

352 4474 479 4529 τῶν
522 4475 685 4531 θεῶν
730 4466 801 4531 οἶν
842 4464 1012 4540 ἦσθα
1055 4466 1570 4548 monetarum-055⁶
