3028 4990
1218 355 1640 415 -11-

294 539 468 620 yiliae
513 538 798 600 occidunt.
887 539 987 599 Ita
1040 539 1237 599 statim
1281 549 1436 600 stant
1476 539 1647 621 siqua
1691 559 1876 621 neque
1919 560 2039 600 noa·
2080 560 2379 621 quoquam.
2424 560 2565 600 con-

296 657 442 719 cedit
493 657 652 719 die‘e
739 656 817 720 In
874 658 973 719 his
1035 660 1208 720 enim
1277 660 1672 722 enumeratio
1734 659 2051 739 siderum,
2119 676 2282 739 quae
2345 656 2565 720 Sosiae

296 794 540 860 semper
582 777 788 839 eidem
835 775 972 838 loco
1019 778 1177 839 caeli
1223 779 1554 840 inhaerere
1584 777 1903 859 videntur,
1949 777 2139 859 plane
2185 775 2404 838 eadem
2447 780 2564 856 est,

297 915 481 977 quam
539 895 760 958 Graeci
812 900 1035 977 poetae
1105 897 1311 960 facere
1380 897 1586 959 solent
1648 898 1714 959 in
1781 895 2194 959 describenda
2258 898 2566 957 nocturna

294 1013 446 1076 caeli
507 1015 740 1096 forma,
802 1016 876 1079 cf.
922 1014 1071 1077 Eur.
1116 1015 1251 1077 Ion.
1307 1016 1467 1078 1149
1516 1034 1652 1099 sqq.
1745 1013 1931 1078 Solus
1978 1014 2350 1077 Nocturnus
2391 1015 2455 1093 (i.
2507 1032 2559 1076 e.

294 1131 682 1217 Kiesslingio
727 1134 1066 1217 interprete
1116 1136 1297 1217 quasi
1346 1135 1591 1197 Genius
1636 1137 1871 1216 noctiS,
1943 1153 2107 1214 non,
2152 1136 2222 1194 ut
2261 1134 2565 1216 interpre-

291 1254 496 1313 tantur
542 1250 793 1314 Preller.
842 1253 1036 1333 myth.
1082 1273 1235 1315 rom.
1284 1252 1339 1314 13
1383 1275 1440 1337 p.
1474 1256 1597 1318 328
1641 1260 1703 1317 et
1747 1254 2142 1318 Forcellinus
2175 1271 2224 1314 s.
2253 1272 2337 1333 v.‚
2383 1251 2564 1314 stella

295 1372 489 1432 noctis
539 1389 657 1433 seu
711 1369 1008 1452 Veneris,
1072 1374 1374 1454 quoniam
1422 1376 1589 1437 inter
1632 1374 1856 1454 sidera,
1905 1391 2068 1456 quae
2111 1372 2180 1434 in
2225 1371 2399 1436 caelo
2446 1373 2564 1434 cir-

291 1508 621 1572 cumagere
664 1490 1029 1555 Nocturnus
1078 1493 1307 1555 dicitur
1344 1493 1383 1554 l.
1434 1512 1509 1573 c.,
1557 1496 1692 1577 ipsa
1735 1511 2089 1575 vesperugo
2136 1509 2222 1552 sc.
2263 1486 2564 1575 Ἕσπερος

290 1610 597 1690 versatur)
654 1608 983 1673 Romanus
1029 1615 1126 1672 est
1182 1610 1373 1693 deuS,
1432 1631 1580 1674 cum
1636 1611 1861 1676 Graeci
1923 1630 2052 1673 non
2116 1610 2310 1673 deum
2355 1612 2559 1673 noctis

291 1727 403 1790 sibi
442 1728 785 1811 finxerint,
835 1730 946 1793 sed
993 1730 1209 1811 deam,
1272 1750 1436 1813 quae
1485 1737 1554 1794 ut
1598 1732 1762 1815 apud
1825 1729 2196 1813 Euripidem
2242 1731 2281 1793 1.
2330 1749 2379 1793 c.
2428 1737 2562 1815 (με-

288 1835 638 1928 λάμπεπλος
659 1840 729 1908 δὲ
760 1838 891 1921 Νὺξ
913 1846 1235 1934 ἀσείρωτον
1264 1841 1460 1933 ζυγοῖς
1494 1844 1670 1935 ὄχημ’
1705 1853 1976 1911 ἔπαλλεν·
2010 1846 2204 1934 ἄστρα
2234 1839 2285 1907 δ’
2300 1836 2566 1931 ὡμάρτει

290 1968 522 2048 θεᾷ.“),
593 1969 686 2030 sic
748 1970 813 2031 in
880 1969 1174 2051 exemplo
1228 1970 1712 2052 Amphitruonis
1769 1971 1908 2033 loco
1971 1969 2112 2050 illo,
2180 1971 2251 2029 ut
2317 1967 2561 2047 opinor,

287 2085 396 2148 suit
436 2087 769 2170 appellata,
815 2092 1005 2170 atque
1051 2088 1215 2150 redit
1257 2088 1427 2170 apud
1471 2088 1769 2152 Plautum
1819 2089 2038 2171 paucis
2081 2086 2375 2149 versibus
2420 2088 2564 2167 post

292 2206 400 2266 277
449 2206 712 2288 „Perqffl
766 2204 926 2282 Nar,
971 2218 1033 2268 ut
1069 2208 1343 2289 occepisti
1354 2231 1373 2267 .·
1428 2230 1565 2289 yere
1594 2208 1777 2288 patri
1815 2228 2043 2269 morem
2082 2214 2278 2279 me0“,
2331 2209 2395 2267 et
2438 2205 2560 2266 545

291 2323 508 2399 „Nunc
555 2336 628 2408 te,
671 2324 838 2401 Nom,
879 2347 1030 2408 quae
1072 2347 1164 2386 me
1204 2327 1507 2400 mansisti,
1555 2327 1719 2388 mitto
1762 2336 1826 2387 ut
1866 2326 2148 2387 concedas
2196 2326 2352 2385 diez
2445 2323 2559 2386 [llo

292 2449 488 2509 tamen
550 2446 688 2510 loco
743 2444 968 2510 Plauto
1012 2444 1197 2509 libuit
1240 2467 1496 2511 servum
1541 2447 1746 2510 facere
1802 2445 2204 2508 cavillantem
2255 2445 2323 2506 in
2368 2443 2560 2506 deum

291 2564 682 2629 Nocturnum
718 2568 903 2649 quasi
938 2568 1085 2630 vino
1113 2582 1468 2650 somnoque
1510 2569 1860 2651 gravatum.
1950 2564 2074 2628 Hic
2105 2566 2284 2627 iocus
2317 2564 2562 2626 homini

293 2684 469 2747 alicui
514 2684 799 2748 fabulam
843 2689 1201 2749 retractanti
1247 2688 1332 2748 ita
1377 2688 1666 2749 arrisisse
1712 2685 1997 2766 videtur,
2042 2689 2112 2747 ut
2156 2666 2608 2765 interpolaret‘

296 2823 506 2868 versus
578 2806 867 2868 282-86
924 2805 1163 2880 „Credo
1231 2806 1440 2886 edepol
1483 2807 1755 2890 equidem
1799 2806 2062 2867 domnire
2103 2803 2334 2876 Solem,
2390 2813 2564 2886 atque

293 2923 577 3004 adpotum
606 2925 826 3005 probe:
882 2923 1053 2986 Mira
1111 2935 1245 2985 sunt
1306 2925 1423 2986 nisi
1468 2926 1733 2988 invitavit
1774 2947 1892 2986 sese
1926 2926 1991 2987 in
2039 2944 2182 2986 cena
2213 2921 2563 3003 plusculum

299 3053 439 3105 ...“.
531 3045 788 3107 Etenim
849 3045 1018 3127 quod
1072 3063 1275 3128 paene
1333 3045 1556 3108 eodem
1615 3050 1897 3129 tempore
1943 3044 2175 3126 aliquis
2221 3042 2564 3105 admiratur

297 3164 452 3245 quod
511 3165 723 3227 sidera
778 3167 845 3227 in
901 3165 1123 3228 eodem
1177 3184 1302 3248 quo
1345 3167 1526 3229 initio
1586 3167 1789 3229 noctis
1836 3168 2000 3227 statu
2045 3165 2460 3245 permaneant
2503 3167 2563 3224 et

297 3283 454 3363 quod
491 3282 602 3346 Sol
648 3285 933 3346 nondum
979 3303 1123 3346 cum
1170 3304 1357 3347 curru
1392 3304 1507 3347 suo
1542 3287 1606 3347 in
1652 3286 1827 3348 coelo
1880 3283 2258 3367 apparuerit,
2282 3282 2561 3365 ineptius

297 3406 414 3481 est,
475 3421 665 3484 quam
731 3408 799 3466 ut
859 3403 1096 3468 Graeco
1141 3410 1365 3486 poetae
1411 3405 1643 3488 aliquis
1687 3407 1990 3486 imputet3
2061 3400 2283 3464 Plauto
2331 3420 2411 3463 ne
2456 3402 2563 3463 tri-

299 3516 563 3584 buamus
605 3523 872 3605 impedit
919 3524 1087 3606 quod
1131 3525 1198 3585 in
1249 3545 1308 3586 v,
1338 3527 1459 3588 282
1508 3526 1685 3588 nullo
1730 3524 1924 3587 verbo
1973 3520 2364 3605 significatur
2406 3539 2562 3583 eun-

298 3636 432 3702 dem
478 3642 705 3703 iocum
765 3643 970 3706 redire
1029 3646 1141 3727 qui
1191 3642 1262 3704 fit
1327 3645 1520 3726 paulo
1584 3651 1729 3708 ante
1785 3647 1925 3707 272.
2019 3643 2560 3722 Exspectaremus

302 3759 593 3822 nimirum
637 3761 1006 3843 particulam
1051 3764 1277 3841 ,etiam‘
1315 3764 1416 3826 vol
1465 3766 1758 3847 ,quoque‘
1802 3763 2065 3845 („Credo
2108 3760 2329 3842 edepol
2373 3763 2561 3823 etiam

300 3872 499 3942 Solem
542 3879 879 3962 dormire“)
926 3882 979 3943 si
1029 3886 1368 3967 utrumque
1422 3889 1794 3966 putaremus
1836 3883 2122 3946 eiusdem
2167 3883 2457 3944 auctoris.

457 3999 535 4061 ln
596 4008 971 4083 argumento
1030 4004 1478 4066 Aululariae
1544 4005 1713 4087 quod
1776 4005 2044 4067 occurrit
2089 4001 2268 4064 Fidei
2321 4002 2562 4082 fanum,

303 4114 401 4179 ubi
433 4120 761 4184 seniculus
795 4143 1024 4186 avarus
1059 4123 1389 4187 abscondit
1417 4124 1785 4188 thesaurum
1819 4124 1990 4186 domi
2036 4143 2166 4186 non
2198 4125 2322 4186 iam
2355 4126 2560 4185 tutum

300 4235 577 4304 habitum
624 4242 719 4322 (cf.
769 4244 888 4304 582
939 4261 1073 4325 sqq.
1126 4244 1247 4306 608
1298 4263 1432 4327 sqq.
1479 4263 1552 4306 ac
1597 4247 1965 4327 praesertim
2009 4243 2130 4305 616
2178 4244 2321 4325 sq),
2378 4263 2562 4305 num-

302 4360 433 4439 quis
478 4364 705 4444 poterit
745 4362 851 4424 vel
894 4363 1209 4425 tantillum
1250 4363 1557 4447 dubitare,
1605 4367 1762 4447 quin
1795 4366 2044 4428 Atticus
2086 4367 2267 4446 poeta
2293 4362 2562 4425 Athenis
