3028 4990
1320 293 1735 355 ...62-

386 478 456 538 in
517 496 643 559 quo
690 477 859 539 mola
904 476 1102 538 culter
1148 476 1384 539 infulae
1429 485 1637 559 erant,
1697 481 1759 541 et
1802 481 2180 544 malluvium
2221 478 2523 557 ferenteS,
2586 476 2660 538 cf.

387 597 578 658 Arist.
629 594 770 658 Pac,
821 595 940 658 956
990 614 1080 677 Sq.
1132 589 1283 680 ,ῥίγε
1329 588 1404 665 δὴ
1449 591 1524 658 τὸ
1573 564 1786 658 πανοῢν
1812 592 2020 678 λαβὼν
2053 592 2121 658 σὺ
2153 598 2252 658 καὶ
2281 591 2392 663 τὴν
2419 594 2663 679 χέρνιβα

387 714 606 799 περίιθι
673 710 779 775 τὸν
859 707 1064 798 βωμὸν
1126 713 1369 798 ταχέως
1412 707 1717 788 ἐπιδέξιαιι
1771 722 1833 779 et
1886 717 2075 778 schol.
2148 715 2418 801 ,,περίιθι·
2475 717 2661 774 τοῦτο

386 837 623 919 πρῶτον
671 832 903 893 ἐποίουν
947 833 1339 917 καθαίροντες
1381 829 1489 895 τὸν
1533 826 1792 919 βωμόν.“
1882 834 2075 898 Porro
2111 833 2294 899 Truc.
2344 833 2426 915 ΙΙ,
2472 835 2529 915 6,
2580 835 2661 895 34

388 954 560 1036 (515)
633 973 777 1015 cum
847 953 1030 1014 miles
1096 949 1436 1034 gloriosus
1480 956 1750 1017 amicam
1825 956 2167 1038 alloquitur
2240 955 2337 1016 his
2406 952 2656 1015 verbis:

389 1072 977 1153 ,‚Mao‘·8pev·eyrine
1005 1070 1316 1133 adveniens
1344 1073 1620 1135 salutat
1658 1072 2033 1137 Nerienem
2068 1096 2360 1136 uxorem
2389 1080 2658 1145 suam“‚

388 1194 557 1256 haud
627 1191 1040 1275 improbabile
1110 1191 1265 1253 mihi
1337 1194 1608 1256 videtur‘
1653 1193 1948 1258 Plautum
2016 1194 2314 1257 Nerienis
2388 1191 2661 1255 Sabinae

389 1312 545 1374 deae
607 1314 862 1374 nominc
910 1309 1129 1392 (Nerio
1174 1312 1574 1392 significabat
1616 1316 1918 1376 virtutem
1964 1319 2027 1375 et
2068 1314 2528 1392 fortitudinem,
2583 1312 2656 1373 cf.

391 1430 546 1497 Gell.
582 1429 765 1535 25111,
798 1431 877 1491 23
883 1444 904 1511 )
933 1429 1285 1492 reddidisse
1312 1422 1533 1508 Ἐνυώ,
1568 1439 1846 1499 veterem
1887 1435 2055 1496 illam
2090 1434 2238 1496 inde
2270 1431 2346 1496 ab
2378 1431 2659 1494 Homero

389 1549 603 1612 Martis
647 1552 903 1630 sociam,
970 1569 1132 1632 quae
1179 1552 1448 1613 Athenis
1496 1557 1769 1615 statuam
1815 1553 2081 1617 habebat
2128 1554 2229 1634 (cf.
2276 1550 2549 1615 Pausan.
2601 1552 2660 1631 1,

390 1671 452 1750 8,
495 1672 559 1751 4)
617 1672 874 1752 oratque
919 1673 1010 1749 τῷ
1047 1663 1219 1754 ’Ἄρει
1262 1661 1500 1744 σύνναος
1556 1671 1653 1751 (cf,
1709 1670 1897 1755 Ross,
1941 1672 2121 1739 Dem.
2164 1674 2290 1734 Att.
2355 1692 2411 1753 p.
2462 1667 2657 1750 Vll.):

387 1790 550 1851 hanc
595 1791 843 1851 Atticus
881 1794 1067 1873 poeta
1111 1810 1222 1852 cur
1267 1810 1395 1853 non
1443 1793 1683 1853 comice
1732 1793 1948 1855 Martis
1981 1812 2248 1857 uxorem
2274 1789 2662 1874 appellaret?

389 1947 467 1956 -
512 1909 739 1991 Neque
781 1911 925 1992 plus
972 1915 1048 1972 ab
1096 1912 1410 1991 exemplis
1458 1912 1594 1973 suis
1639 1913 1984 1973 recessisse
2030 1910 2294 1974 Plautus
2340 1909 2662 1992 putandus

389 2033 514 2110 est,
578 2049 724 2092 cum
783 2050 818 2091 a
876 2009 1125 2092 furibus
1183 2051 1311 2094 non
1359 2030 1780 2112 Mercurium,
1843 2037 1907 2093 ut
1957 2031 2213 2093 Graecis
2256 2030 2479 2111 religio
2524 2030 2663 2108 fuit,

390 2148 501 2210 sed
546 2148 728 2210 deam
757 2145 1112 2212 Romanam
1142 2150 1246 2214 La
1268 2170 1401 2213 ver
1420 2171 1462 2212 n
1484 2170 1599 2213 am
1630 2152 1778 2214 facit
1807 2152 2090 2214 invocari
2120 2151 2265 2213 Aul.
2301 2151 2442 2212 442.
2476 2149 2657 2231 frgm.

387 2266 720 2349 Cornicul.-
750 2268 803 2328 7.
884 2269 1112 2332 Frivol.
1169 2270 1241 2348 33
1327 2271 1429 2332 vel
1493 2291 1640 2333 cum
1714 2291 1997 2334 cenam
2071 2272 2439 2352 opulentam
2512 2269 2665 2331 dicit

394 2387 750 2449 Cerialem
793 2387 962 2452 Men.
1003 2390 1144 2471 101,
1191 2392 1329 2453 sive
1371 2391 1489 2454 hoc
1536 2392 1920 2455 vocabulum
1964 2412 2001 2453 a
2045 2390 2269 2453 Cerere
2317 2391 2511 2453 ducas
2549 2392 2663 2468 (sic

390 2508 704 2572 Prellerus
759 2512 952 2590 myth.
1020 2508 1094 2572 R.
1162 2511 1220 2572 1³
1275 2532 1334 2593 p.
1382 2513 1490 2593 42)
1538 2514 1674 2576 sive
1720 2534 1757 2575 a
1801 2511 1956 2574 Oero
2013 2514 2108 2593 (ut
2164 2511 2659 2593 Kiesslingius);

388 2631 492 2693 vel
552 2649 702 2693 cum
762 2627 1094 2712 ἐπιληψίαν,
1159 2650 1284 2712 qua
1327 2630 1500 2714 Gapt.
1555 2633 1672 2693 547
1721 2632 2241 2713 Aristophontem
2304 2634 2661 2713 correptum

389 2769 532 2813 esse
564 2734 868 2813 mentitur
898 2747 1254 2829 TyndaruS,
1286 2755 1469 2813 vocat
1501 2751 1871 2825 „morbum
1915 2753 2038 2835 qui
2078 2757 2484 2833 sputatur“,
2533 2751 2570 2811 i.
2602 2768 2653 2810 e.

391 2891 515 2955 quo
563 2871 766 2934 affecti
810 2843 1218 2953 insputantur
1275 2870 1369 2950 (cf.
1421 2872 1542 2933 550
1603 2872 1738 2945 „Et
1778 2893 1911 2931 eum
1954 2871 2228 2931 morbum
2271 2870 2360 2930 mi
2400 2890 2537 2943 esse,
2598 2878 2662 2928 ut

389 2998 490 3075 ραι·
548 2991 685 3052 med
736 3013 886 3071 opus
947 2991 1019 3051 sit
1077 2990 1440 3070 imputarier
1458 2989 1567 3051 ‚⁴2⁶‘z
1622 2991 1740 3053 hoc
1783 2987 2057 3052 Romani
2118 2991 2312 3051 moris
2357 2994 2522 3070 erat,
2582 2989 2655 3050 cf.

389 3109 548 3173 Plin.
608 3109 687 3173 N.
750 3109 831 3175 H.
898 3111 998 3190 28,
1057 3110 1117 3189 4,
1166 3110 1198 3169 7
1276 3109 1686 3192 „despuimus
1757 3110 2091 3172 comitialis
2169 3108 2460 3188 morboS,
2546 3108 2663 3171 hoc

388 3234 486 3292 est
528 3232 819 3313 contagia
860 3231 1297 3313 regerimus“,
1339 3230 1509 3311 quod
1549 3230 1673 3291 nisi
1711 3231 1779 3291 in
1819 3231 1993 3313 ipsos
2026 3234 2313 3312 aegrotos
2347 3228 2660 3311 sputando

388 3351 526 3414 fieri
571 3371 701 3413 non
745 3353 993 3433 potuit),
1041 3369 1235 3432 quem
1261 3351 1510 3411 Atticus
1548 3355 1734 3431 poeta
1777 3352 1947 3414 haud
1988 3350 2206 3414 dubito
2240 3353 2397 3432 quin
2427 3349 2663 3411 dixerit

388 3462 557 3533 νόσον
585 3469 1058 3554 ἀποπτυομένην,
1090 3490 1237 3533 cum
1260 3469 1483 3533 Graeci
1520 3471 1630 3533 ubi
1662 3472 1985 3541 ἐπίληπτον
2013 3471 2315 3534 videbant
2347 3473 2414 3533 in
2446 3474 2661 3534 sinum

389 3593 774 3676 despuerent
843 3592 937 3674 (cf.
1015 3590 1326 3674 Theophr.
1385 3594 1550 3656 char.
1603 3593 1677 3654 16
1750 3583 2160 3676 ,,Μαινόμενόν
2215 3614 2285 3653 τε
2354 3583 2496 3653 ἰδὼν
2566 3593 2665 3652 καὶ

389 3713 714 3783 ἐπίληπτον
765 3706 967 3799 φρίξας
1024 3719 1102 3786 εἰς
1163 3704 1389 3774 κόλπον
1433 3694 1774 3795 πἰ·ύσοιι.“).κ
1811 3751 1878 3759 -
1930 3712 2171 3775 Eadem
2227 3715 2472 3775 ratione
2525 3732 2664 3795 per·

389 3856 654 3900 suasum
720 3834 941 3900 habeo,
985 3834 1323 3897 barbarum
1368 3839 1642 3916 poetam,
1698 3833 1806 3896 ubi
1854 3833 2076 3895 alludit
2120 3833 2196 3895 ad
2244 3833 2664 3895 decimam

385 3957 450 4019 H
464 3977 498 4019 e
515 3978 545 4019 r
562 3977 596 4019 c
614 3958 768 4019 ulis
792 4006 806 4037 ‚
839 3957 1078 4019 Graeca
1097 3957 1324 4038 partim
1348 3956 1862 4018 accommodasse
1886 3954 2174 4036 populari
2195 3953 2665 4040 consuetudini,

390 4081 621 4159 partim
668 4080 857 4139 etiam
903 4075 980 4139 ad
1026 4075 1294 4138 verbum
1339 4076 1757 4138 transtulisse.
1850 4073 2014 4137 Illud
2058 4074 2314 4157 quidem
2358 4074 2539 4137 Truc.
2582 4073 2664 4155 11,

390 4198 446 4278 7,
502 4198 576 4260 10
623 4216 714 4279 sq.
766 4196 938 4277 (561)
985 4196 1199 4268 „Nam
1239 4186 1526 4255 damatam
1569 4195 1675 4257 hoc
1718 4195 1922 4256 obsoni
1961 4195 2221 4255 demina
2251 4219 2370 4256 una
2404 4196 2668 4257 deminui

384 4317 559 4378 modo
587 4340 608 4375 .·
659 4315 931 4399 Qui-nque
959 4337 1229 4376 nummos
1257 4312 1407 4375 mihi
1435 4314 1689 4389 datram,
1723 4337 1864 4394 pam
1887 4326 2134 4395 partem
2157 4314 2665 4390 Ilerculaneam“‚
