3028 4990
1233 307 1651 368 —35—

269 492 526 574 aym-int
599 501 749 553 caste
821 514 993 553 suam
1069 492 1497 567 conveneram
1567 492 1808 555 nullam
1883 490 2250 553 admittunt*
2305 492 2579 553 auctoris

275 611 787 674 dubitationem.

476 730 780 794 Consulto
847 731 1034 793 omisi
1111 730 1331 795 adhuc·
1383 749 1606 793 omnes
1674 730 1846 793 locos
1916 731 2150 814 quibus
2227 733 2429 812 mythi
2502 735 2580 796 de

280 852 572 914 deorum
622 853 746 914 vita
787 850 1112 933 rebusque
1158 852 1356 932 gestis
1403 849 1625 932 quales
1673 848 1896 912 Graeci
1949 855 2170 933 poetae
2226 855 2579 937 antiquitus

280 974 777 1033 contexuerunt
817 971 984 1053 apud
1017 968 1313 1032 Plautum
1346 973 1939 1032 commemorantur.
2018 971 2229 1052 Atque
2262 974 2580 1036 eiusmodi

290 1090 563 1155 fabulas
635 1111 672 1153 a
747 1088 1205 1172 Romanorum,
1276 1087 1513 1171 quibus
1589 1088 1887 1151 deessent
1952 1093 2196 1170 poetae,
2271 1092 2578 1175 religione

292 1229 580 1292 prorsus
624 1210 865 1273 alienas
908 1208 1110 1271 fuisse
1153 1209 1267 1269 vix
1311 1227 1471 1289 opus
1519 1211 1615 1269 est
1659 1207 1988 1270 affirmare.
2069 1208 2335 1272 Etiamsi
2368 1216 2580 1275 autem

287 1347 642 1392 sumamus
725 1328 894 1391 haud
976 1346 1211 1410 paucas
1298 1345 1517 1388 earum
1604 1326 2057 1389 eruditioribus
2145 1327 2579 1394 Romanorum

287 1450 565 1531 ipsique
596 1447 818 1511 Plauto
849 1448 1115 1530 legendo
1163 1446 1448 1528 cognitas
1478 1445 1699 1527 fuisse,
1733 1447 1920 1508 sicuti
1958 1449 2195 1510 scimus
2230 1448 2579 1529 Odysseam

293 1589 335 1631 a
382 1567 576 1630 Livio
621 1567 987 1631 Andronico
1042 1569 1109 1629 in
1151 1565 1450 1628 Latinum
1510 1584 1868 1628 sermonem
1917 1585 2171 1629 versam
2217 1569 2319 1630 vel
2364 1573 2581 1649 pueris

297 1688 650 1751 lectitatam
701 1707 845 1751 esse
905 1689 974 1749 in
1035 1686 1289 1766 scholiS,
1342 1704 1423 1747 ex
1485 1687 1624 1767 ipsa
1669 1688 1878 1747 tamen
1928 1684 2219 1765 Odyssea
2261 1705 2581 1769 perpauca

295 1809 679 1871 invenimus
742 1807 909 1889 apud
963 1805 1259 1869 Plautum
1311 1805 1580 1867 deducta
1635 1803 1842 1885 (Epid.
1912 1803 2036 1866 604
2092 1824 2182 1887 sq.
2228 1804 2454 1869 Bacch.
2522 1811 2576 1870 5.

298 1930 434 1991 275
481 1947 575 2010 sq.
622 1927 810 1991 Stich.
856 1928 885 1988 1
938 1927 1058 2008 sq.)
1106 1945 1254 2008 prae
1303 1929 1691 1987 caeterarum
1743 1942 1900 2005 quas
1942 1926 2194 2007 stringit
2222 1923 2581 1990 fabularum

299 2046 719 2111 multitudine
765 2045 1052 2107 indoctae
1094 2043 1264 2126 plebi
1296 2042 1461 2105 haud
1495 2041 1687 2105 dubie
1717 2046 2042 2127 incognita
2069 2048 2260 2126 atque
2293 2044 2577 2109 obscura.

299 2166 492 2243 Quae
554 2185 704 2228 vero
763 2167 823 2227 ei
890 2182 1082 2227 causa
1141 2182 1283 2226 esse
1327 2164 1549 2245 potuit,
1593 2181 1706 2225 cur
1747 2165 1811 2225 in
1860 2164 2312 2227 transferendis
2359 2167 2583 2228 Atticis

297 2285 678 2367 comoediiS,
740 2303 902 2367 quae
966 2304 1081 2366 per
1139 2303 1208 2346 se
1260 2283 1541 2365 repleta‘e
1601 2288 1817 2346 essent
1866 2284 2057 2347 rebus
2119 2287 2584 2368 sententiisque

296 2405 621 2469 Romanis
666 2404 1098 2484 alienissimiS,
1144 2423 1227 2466 ex
1274 2423 1392 2466 sua
1437 2405 1757 2465 literarum
1789 2403 2171 2467 Graecarum
2206 2407 2471 2468 seientia
2504 2444 2578 2451 --

270 2530 365 2592 -si
400 2547 594 2610 quam
627 2526 898 2590 habebat
924 2555 1037 2573 --·
1065 2524 1524 2607 spectatoribus
1568 2529 1915 2606 apponeret
1937 2526 2183 2589 Atticae
2229 2526 2581 2609 elegantiae

303 2649 765 2729 doctrinaeque
811 2646 1051 2728 aliquot
1093 2645 1361 2708 frustula
1407 2646 1629 2707 maiori
1671 2645 1938 2728 insuper
1977 2648 2137 2730 parti
2182 2666 2402 2709 eorum
2453 2667 2583 2710 non

304 2765 818 2848 consequenda?
910 2764 1191 2827 Fuerunt
1234 2771 1445 2829 autem
1495 2766 1605 2847 qui
1649 2764 2006 2829 fabularum
2042 2768 2410 2830 memoriam
2443 2786 2584 2829 eam

305 2906 442 2970 qua
512 2885 975 2968 tragoediarum
1057 2885 1317 2967 parodia
1401 2886 1711 2946 contineri
1786 2886 2105 2948 videretur
2197 2887 2410 2967 (cuius
2490 2889 2585 2949 rei

307 3006 681 3088 exemplum
766 3004 1044 3087 exstitit.
1082 3025 1140 3087 p.
1213 3007 1318 3087 18)
1395 3025 1432 3067 a
1513 3002 1823 3068 Romanis
1916 3004 2126 3068 Plauti
2220 3007 2585 3088 aequalium

306 3127 676 3210 tragoediiS‚
738 3144 931 3208 quam
970 3145 1007 3187 a
1053 3126 1311 3188 Graecis
1354 3126 1752 3209 palliatarum
1797 3124 2274 3207 exemplaribus
2322 3126 2588 3188 mallent

306 3252 614 3330 repetere.
703 3245 841 3308 Hos
901 3265 1092 3328 quam
1137 3249 1374 3308 temere
1420 3249 1682 3329 agerent
1732 3247 2107 3308 monstravit
2149 3245 2585 3329 Kiesslingius

312 3368 355 3429 l.
405 3386 453 3429 8.
490 3387 538 3428 8.
587 3368 673 3448 (p.
709 3369 751 3428 4
789 3370 852 3428 et
880 3364 1005 3445 23),
1052 3366 1234 3427 cuius
1269 3385 1304 3428 e
1339 3386 1406 3428 re
1436 3367 1554 3429 erit
1581 3366 1733 3429 haec
1771 3368 1916 3448 ipsa
1952 3364 2146 3428 verba
2190 3365 2580 3428 adscribere:

319 3485 878 3570 „Putabimusne“,
933 3485 1165 3566 inquit,
1225 3484 1494 3565 „Naevii
1540 3484 1865 3566 Enniique
1925 3484 2173 3547 fabulas
2218 3488 2344 3546 tam
2392 3503 2583 3566 saepe

319 3612 486 3671 actas
562 3624 728 3686 esse,
805 3608 874 3666 ut
948 3609 1009 3666 et
1080 3602 1287 3667 Plauti
1366 3606 1708 3667 memoriae
1775 3602 2174 3685 singularum
2249 3621 2582 3665 scenarum

319 3729 690 3807 argumenta
748 3728 809 3786 et
863 3728 1044 3786 acute
1104 3724 1266 3785 dicta
1319 3731 1566 3805 praesto
1624 3742 1766 3786 esse
1830 3729 1891 3784 et
1937 3725 2320 3803 spectatores
2373 3723 2579 3783 statim

317 3846 537 3909 talium
569 3846 850 3907 iocorum
892 3843 1229 3905 consilium
1264 3862 1608 3926 agnoscere
1645 3842 2005 3925 potuerint?
2070 3842 2175 3903 An
2206 3843 2585 3924 tragicorum

315 3964 562 4028 fabulas
622 3964 828 4026 statim
891 3965 956 4023 in
1016 3962 1367 4044 legentium
1422 3999 1500 4007 -—
1562 3967 1625 4025 at
1683 3980 2107 4044 quorumnam
2172 3960 2457 4042 quaeso?
2504 3997 2584 4005 —-

319 4088 615 4149 manibus
639 4087 922 4145 versatas
947 4101 1090 4144 esse
1119 4086 1492 4161 statuemuS,
1527 4083 1636 4162 qui
1662 4060 1902 4143 scimus
1932 4080 2234 4162 quamdiu
2254 4077 2585 4142 Plautinae

320 4203 682 4267 comoediae
745 4204 813 4263 in
876 4202 1311 4264 scaenicorum
1375 4201 1527 4264 solis
1570 4202 1821 4262 seriniis
1868 4199 2313 4262 delituerint'?“
2408 4197 2584 4273 Quae
2643 4192 2646 4195 “

321 4344 462 4387 cum
509 4326 594 4385 ita
639 4324 787 4404 sint,
832 4321 969 4384 fieri
1012 4339 1272 4404 prorsus
1319 4321 1542 4402 nequit
1588 4321 1744 4402 quin
1790 4338 2012 4383 omnes
2053 4319 2226 4381 locos
2258 4314 2586 4378 Plautinos

2102 4443 2165 4496 3*
