3028 4990
1354 345 1776 408 ..33-

426 530 713 591 vetatur?
762 533 961 609 m,eui
990 534 1061 593 tu
1100 531 1261 594 lac-te
1294 532 1475 593 favos
1504 536 1570 594 et
1605 533 1740 594 miti
1772 532 1944 593 dilue
1983 527 2270 592 Baccho“
2294 530 2421 607 “*).
2468 529 2698 590 vinum

424 654 637 710 autem
671 647 883 711 Cereri
916 669 1042 712 non
1076 649 1257 712 libari
1287 650 1507 713 debuit
1547 651 1730 713 illum
1760 651 1864 713 vel
1903 648 2168 712 Plautus
2196 649 2442 728 dooere,
2485 649 2598 730 qui
2627 649 2696 708 in

426 767 757 828 Aulularia
821 769 909 830 ait
970 819 1005 848 „
1033 767 1367 848 „Cereriffl
1394 774 1429 802 “
1491 774 1650 832 ete.“
1743 768 1948 844 Quem
2007 768 2394 830 refutaturus
2435 765 2699 829 Servius

424 886 503 948 ad
551 885 906 969 Georgicon
952 887 1131 949 illum
1155 887 1391 951 ‘locum
1436 890 1591 951 haee
1639 894 1838 951 notat:
1890 886 2334 970 „Superfluum
2368 888 2484 965 est,
2526 884 2696 967 quod

427 1005 685 1087 quidam
732 1005 973 1077 dicunt,
1017 1012 1233 1069 contra
1271 1007 1648 1090 religionem
1697 1009 1942 1071 dixisse
1967 1006 2324 1089 Vergilium
2365 1003 2573 1067 Cereri
2618 1004 2699 1066 de

426 1127 577 1186 vino
645 1124 1021 1201 sacrificari3
1102 1125 1497 1207 pontificales
1564 1145 1840 1209 namque
1898 1126 2016 1187 hoe
2069 1144 2196 1187 non
2259 1127 2472 1186 vetant
2531 1122 2695 1185 libri.

426 1241 607 1317 Quod
654 1248 865 1306 autem
907 1245 993 1306 ait
1024 1242 1309 1324 Plautus,
1346 1246 1534 1308 ouius
1567 1245 1656 1307 illi
1703 1249 1968 1308 utuntur
2006 1243 2300 1327 exemplo
2351 1241 2699 1323 „„Gererin

425 1361 695 1426 Strobile
754 1363 1011 1446 nuptias
1064 1364 1273 1424 ete.““
1334 1383 1461 1426 non
1523 1368 1622 1426 est
1675 1365 1820 1426 huie
1865 1365 2002 1427 loco
2046 1365 2450 1426 contrarium.
2533 1360 2699 1424 Nam

425 1482 598 1545 aliud
630 1488 728 1545 est
757 1481 1161 1563 sacrificium,
1205 1483 1377 1546 aliud
1414 1485 1668 1565 nuptias
1699 1482 1943 1546 Cereris
1974 1483 2318 1546 celebrare:
2363 1484 2430 1544 in
2462 1479 2701 1564 quibus

426 1623 495 1665 re
540 1622 693 1665 vera
732 1603 957 1666 vinnm
1005 1602 1292 1666 adhiberi
1338 1604 1518 1665 nefas
1564 1603 1788 1679 fuerat,
1833 1622 1998 1685 quae
2043 1600 2188 1664 Orci
2233 1603 2490 1685 nuptiae
2532 1600 2704 1662 dice-

426 1721 675 1802 bantur,
741 1741 901 1803 quas
967 1723 1323 1804 praesentia
1397 1742 1513 1785 sna
1577 1722 1908 1806 pontifices
1971 1723 2214 1804 ingenti
2276 1720 2702 1782 sollemnitate

426 1840 885 1903 celebrabant.“
979 1840 1223 1904 Cereris
1292 1843 1483 1924 igitur
1551 1846 1806 1925 nuptias
1861 1842 2032 1923 apud
2085 1839 2381 1903 Plautum
2436 1838 2699 1902 Servius

426 1960 737 2042 intellegit
786 1979 895 2022 eas
942 1979 1105 2042 quae
1150 1961 1541 2023 sollemniter
1581 1960 1728 2023 Orci
1773 1962 1902 2022 sint
1947 1960 2166 2022 dictae.
2259 1957 2462 2033 Quam
2507 1960 2702 2020 inter-

426 2080 843 2161 pretationem
890 2082 1133 2161 aceepit
1170 2077 1487 2142 Prellerus
1535 2078 1820 2159 „Cereris
1867 2080 2158 2163 nuptias“
2208 2078 2373 2161 apud
2405 2077 2700 2141 Servium

428 2199 759 2281 explicans
819 2218 929 2261 eas
985 2218 1143 2281 quas
1195 2198 1383 2262 Ceres
1437 2204 1704 2263 exornet
1748 2204 1810 2261 et
1863 2199 2114 2279 „Cereri
2157 2200 2410 2281 nuptias
2451 2200 2697 2261 faeere“

429 2319 599 2400 apud
641 2317 938 2381 Plautum
988 2318 1153 2380 idem
1197 2338 1269 2381 ac
1320 2320 1608 2399 „Cereris
1651 2321 1836 2383 iussu
1876 2324 1939 2382 et
1982 2324 2246 2401 sumptu
2275 2337 2384 2381 eas
2415 2320 2696 2402 parare“.

428 2438 569 2501 Hoc
623 2458 1013 2521 quamquam
1070 2458 1196 2502 non
1244 2444 1369 2502 tam
1412 2440 1645 2503 diserte
1690 2441 2076 2524 pronuntiat,
2130 2441 2442 2521 cogitasse
2484 2444 2700 2503 tamen

429 2558 615 2621 debet
683 2577 826 2620 cum
895 2560 1014 2620 ait:
1095 2559 1342 2638 „Selbst
1395 2561 1541 2622 eine
1597 2557 1908 2622 Hochzeit
1966 2560 2080 2622 der
2134 2560 2324 2622 Ceres
2378 2559 2530 2622 oder
2585 2560 2701 2623 des

433 2676 633 2739 Oreus
676 2678 890 2740 wurde
938 2680 1051 2740 mit
1091 2697 1344 2760 grosser
1374 2668 1812 2742 Fe'ierliohkeit
1863 2679 1992 2741 und
2026 2685 2214 2742 unter
2249 2677 2704 2763 Betheiligung

431 2799 542 2859 der
566 2797 907 2860 Pontifices
954 2796 1345 2880 begangen.“
1404 2835 1479 2844 ———
1532 2803 1594 2860 et
1637 2801 1780 2865 adn.
1828 2801 1866 2860 2
1917 2798 2104 2878 „Man
2151 2799 2394 2862 sebeint
2432 2799 2566 2861 sich
2598 2799 2703 2861 die

433 2917 625 2979 Ceres
682 2916 865 2979 dabei
921 2918 1015 2979 als
1057 2915 1473 3000 Gastgeberin
1521 2918 1788 3001 gedaeht
1831 2939 1910 2981 zu
1957 2918 2226 2982 habene*
2318 2918 2442 2981 Sed
2489 2923 2702 2981 errant

431 3036 617 3098 credo
672 3043 735 3098 et
793 3036 1055 3098 Servius
1116 3043 1177 3098 et
1232 3035 1573 3112 PrelleluS,
1624 3057 1814 3120 quem
1869 3040 2100 3121 sugerit
2144 3037 2435 3101 Servium
2492 3057 2703 3100 errore

430 3156 597 3218 duci.
684 3155 809 3217 Hic
876 3158 1051 3217 enim
1106 3156 1207 3218 vel
1262 3157 1401 3218 eius
1462 3158 1626 3236 tons,
1684 3160 1833 3241 quia
1892 3177 2018 3221 non
2076 3157 2406 3241 ignorabat
2449 3161 2700 3219 veteres

428 3274 753 3338 Romanos
798 3275 966 3337 diem
1014 3276 1331 3358 quendam
1378 3277 1606 3340 festum
1657 3277 1978 3358 habuisse,
2023 3298 2212 3361 quem
2255 3277 2399 3341 Orci
2447 3280 2700 3361 nuptias

428 3394 740 3458 vocabant
787 3433 861 3438 —
912 3397 1211 3457 nimirum
1275 3403 1453 3459 erant
1512 3395 1802 3459 Plutonis
1861 3403 1922 3460 et
1969 3396 2385 3480 Proserpinae
2443 3400 2701 3482 nuptiae

430 3535 466 3576 a
513 3513 770 3576 Graecis
815 3513 1219 3596 Theogamiis
1274 3521 1336 3576 et
1392 3516 1898 3599 Anaealypteriis
1943 3517 2291 3580 celebratae
2341 3556 2416 3564 —
2463 3519 2699 3601 cuique

432 3634 608 3695 nefas
653 3641 785 3697 erat
824 3636 1051 3696 vinum
1098 3634 1402 3714 adhiberi,
1443 3635 1626 3697 facile
1672 3637 1872 3719 potuit
1917 3638 2202 3699 animum
2250 3638 2572 3716 inducere,
2632 3644 2700 3700 ut

429 3754 509 3815 ad
586 3773 694 3816 eas
757 3752 1052 3817 Plautum
1116 3759 1365 3836 putaret
1426 3755 1722 3819 alludere.
1827 3755 1971 3819 Oroi
2046 3761 2256 3820 autem
2325 3759 2576 3840 nuptias
2642 3758 2699 3819 si

429 3872 724 3935 credebat
794 3874 987 3936 altero
1062 3877 1322 3936 nomine
1378 3874 1624 3937 Cerelis
1696 3879 2069 3959 nuncupari,
2143 3897 2298 3941 sane
2362 3877 2500 3940 fieri
2569 3898 2696 3941 non

430 3993 635 4074 potuit
710 3993 864 4073 quin
923 3992 1213 4054 Cererem
1293 3993 1413 4056 sibi
1474 3994 1744 4077 fingeret
1813 4015 1953 4058 eam
2008 4016 2172 4079 quae
2241 4000 2494 4080 nuptias
2558 3999 2700 4080 ipsa

428 4115 673 4192 pararet
716 4115 906 4191 atque
938 4113 1002 4172 in
1042 4112 1210 4174 hunc
1252 4114 1508 4177 modum
1540 4113 1870 4178 Plautinos
1905 4135 2130 4179 versus
2164 4119 2694 4201 interpretaretur.

567 4365 621 4429 *J
661 4363 855 4430 Georg.
893 4361 938 4426 1,
977 4361 1094 4417 344.
