3028 4990
1357 339 1437 349 ....
1528 303 1607 365 52
1696 340 1777 352 ...-

434 505 613 571 spem
656 507 961 571 praesens
1007 489 1326 552 auxilium
1365 489 1614 570 ferenti,
1669 487 2059 570 exemplaria
2103 487 2397 568 quamvis
2441 483 2711 547 liberius

432 607 739 670 imitando
786 609 1204 691 expressisse.
1293 608 1387 672 Ita
1431 610 1606 672 enim
1653 608 1965 672 deludunt
2005 607 2188 669 Asin.
2231 605 2349 666 712
2400 623 2536 687 sqq.
2578 602 2710 665 duo

437 727 608 789 servi
673 728 893 791 erilem
960 727 1198 791 filium:
1270 727 1575 803 „Datisne
1629 726 1984 811 arqentum?
2046 763 2123 772 --
2187 724 2499 807 Siquidem
2560 720 2718 783 mihi

434 868 609 908 aram
663 857 714 909 et
766 857 1025 909 statuam
1065 849 1271 910 statuis
1293 848 1350 930 ²¹³)
1401 849 1597 930 Atque
1639 858 1703 909 ut
1748 848 1854 910 deo
1900 848 1986 907 mi
2028 845 2121 907 hic
2164 843 2417 906 inmotas
2467 844 2666 905 bovem
2688 865 2713 901 .-

434 986 579 1026 nam
624 987 743 1047 eqo
789 966 921 1028 tibi
969 966 1187 1029 Salus
1229 989 1377 1029 sum
1410 1016 1421 1028 .
1457 1014 1470 1027 .
1522 1015 1536 1028 .
1583 965 1771 1044 Quem
1815 977 1867 1027 te
1912 966 2087 1026 deum
2129 974 2326 1024 autem
2367 959 2714 1023 nominem?

442 1123 515 1131 —-
588 1085 992 1148 Fortunam
1061 1098 1273 1170 atque
1337 1085 1926 1169 Obsequentem“,·
1993 1086 2283 1148 similiter
2348 1081 2711 1145 Pseudolus

441 1205 559 1267 707
609 1224 747 1289 sqq.
809 1206 911 1269 dei
973 1208 1253 1288 speciem
1314 1207 1650 1290 magnifice
1695 1207 2003 1269 adsumit:
2075 1214 2182 1279 „ut
2230 1199 2717 1284 paratrayoedat

437 1325 750 1409 carnufeoe.
796 1362 879 1371 —
927 1325 1154 1410 Confer
1192 1326 1456 1407 qradum
1505 1327 1730 1389 Contra
1772 1327 2026 1406 pariter,
2060 1344 2256 1405 porqe
2299 1321 2584 1383 audacter
2626 1318 2718 1380 ad

438 1443 687 1507 salutem
751 1443 1108 1507 bracehium.
1155 1480 1238 1491 —
1285 1444 1439 1507 Dice
1501 1455 1737 1506 utram
1790 1446 2090 1525 Spemne
2145 1466 2234 1503 an
2280 1441 2606 1505 Salutem
2650 1450 2715 1500 te

439 1562 767 1639 salutem,
809 1562 1140 1626 Pseudole?
1183 1600 1264 1610 —
1300 1564 1504 1652 ‘Immo
1551 1573 1927 1648 utrumque“.
2017 1562 2146 1626 Ubi
2184 1564 2252 1624 in
2285 1563 2511 1624 Atticis
2544 1580 2712 1644 quae

441 1684 740 1767 exemplo
785 1687 962 1747 erant
1002 1682 1234 1746 fabulis
1276 1685 1604 1747 commode
1649 1685 1855 1767 potuit
1897 1703 2006 1767 pro
2058 1683 2294 1747 Salutis
2339 1683 2477 1764 dea,
2519 1703 2714 1765 quam

443 1802 683 1866 Graeca
738 1804 960 1886 religio
1005 1803 1271 1885 ignorat,
1334 1805 1648 1866 nominari
1695 1822 1864 1866 unus
1908 1807 2034 1863 τῶν
2078 1807 2244 1863 θεῶν
2291 1793 2578 1888 σωτήρων
2599 1802 2715 1882 **),

443 1943 570 2007 quo
623 1924 1004 2006 cognomine
1063 1942 1210 1985 cum
1270 1923 1448 2003 alioS,
1514 1929 1583 1985 ut
1635 1926 1823 1986 etiam
1876 1922 2244 2003 Fortunam,
2304 1928 2441 1985 tum
2498 1923 2717 2004 ipsum

442 2044 663 2108 Iovem
705 2042 928 2106 Graeci
976 2043 1461 2107 venerabantur.
1529 2044 1743 2125 Atque
1789 2043 1963 2106 huno
2009 2044 2264 2125 quidem
2313 2044 2535 2105 eadem
2580 2043 2715 2105 fere

443 2165 759 2227 sententia
828 2162 1094 2227 Plautus
1156 2166 1607 2227 commemorat
1664 2161 1895 2225 Pseud.
1953 2163 2074 2225 326
2136 2182 2274 2245 sqq.
2335 2162 2433 2242 (ef.
2497 2182 2555 2243 p.
2604 2162 2714 2241 61)

442 2281 797 2358 „Pseudole‚
860 2303 1086 2344 arcesse
1143 2281 1364 2344 hostias
1410 2327 1424 2342 .
1477 2329 1491 2342 .
1543 2329 1557 2342 .
1602 2280 1736 2343 huic
1795 2292 1858 2343 ut
1918 2303 2019 2365 090
2076 2282 2420 2365 sacrafieem
2484 2303 2717 2342 summo

442 2403 601 2464 Iovi.-
646 2400 819 2463 Nam
859 2401 953 2462 hio
995 2400 1145 2462 milti
1184 2423 1339 2462 nanc
1381 2413 1461 2463 est
1509 2401 1695 2463 multo
1728 2402 1936 2482 potior
1986 2402 2278 2483 Iuppiter,
2334 2422 2514 2483 quam
2561 2401 2716 2482 Iup-

430 2523 639 2603 piter“
685 2526 749 2585 et
791 2521 963 2605 Oapt.
1006 2522 1129 2585 860
1173 2540 1314 2605 sqq.
1363 2532 1489 2596 „set
1536 2522 1667 2583 iube
1732 2520 1883 2581 Vasa
1929 2521 2035 2582 tibi
2065 2543 2237 2601 pura
2280 2521 2584 2601 adparari
2632 2520 2720 2581 ad

440 2663 569 2703 rem
600 2641 867 2702 divinam
908 2641 1019 2702 cito
1064 2641 1260 2723 Atque
1305 2663 1529 2722 aquam
1565 2640 1677 2702 huc
1720 2642 1960 2724 adferri
1990 2663 2259 2723 propere
2290 2642 2596 2723 pinquem.
2673 2678 2705 2685 —

443 2759 654 2838 Quor?
691 2794 773 2806 —
834 2758 909 2821 Ut
952 2761 1278 2843 saerufieea
1316 2798 1392 2806 —-
1436 2759 1592 2836 Quoi
1637 2760 1859 2821 deum?
1896 2798 1969 2806 -—
2012 2759 2175 2821 Milli
2213 2761 2453 2843 quidem
2492 2759 2719 2822 hercle.-

442 2902 584 2941 uam
653 2901 775 2962 090
839 2902 1025 2941 nuno
1089 2881 1222 2943 tibi
1284 2903 1432 2942 sam
1494 2903 1802 2941 summus
1870 2882 2255 2962 Iuppiter:
2333 2882 2532 2943 Idem
2595 2903 2718 2963 e90

442 3022 595 3066 sum
641 2999 887 3075 Saluti,
939 3000 1297 3076 Fortuna,
1347 2999 1537 3075 Luce,
1579 2999 1933 3073 Laetitia,
1988 2999 2424 3064 Gaudimn“.
2497 3002 2720 3086 Suspi-

445 3138 552 3181 cor
578 3119 678 3182 his
702 3120 1066 3202 talibusque
1095 3120 1347 3183 lusibus
1377 3121 1651 3184 Graecos
1686 3123 1961 3183 comicos
1996 3122 2353 3205 tragoediae
2392 3094 2737 3204 parodiam'

448 3240 868 3321 quaesivisse,
922 3259 1071 3302 nam
1118 3242 1181 3303 et
1226 3242 1695 3304 accommodata
1750 3246 1901 3304 sunt
1948 3242 2412 3323 quodammodo
2473 3243 2551 3305 ad
2594 3247 2717 3305 tra-

443 3359 658 3441 gicum
702 3376 911 3441 genus
960 3357 1213 3421 dicendi
1259 3363 1321 3422 et
1362 3361 1427 3423 in
1478 3361 1613 3425 loco
1662 3380 1707 3423 s.
1760 3381 1807 3424 s.
1855 3360 2219 3425 Pseudolus
2260 3363 2491 3425 diserte
2535 3380 2719 3425 voca-

443 3483 549 3541 tur
611 3478 1196 3562 ,paratragoedans‘,
1259 3498 1404 3543 eum
1468 3498 1539 3543 se
1597 3485 1771 3563 gerat
1816 3484 1999 3563 quasi
2042 3482 2231 3544 deum
2279 3501 2360 3545 ex
2405 3482 2717 3545 machina.

445 3597 562 3680 (Cf.
632 3600 822 3661 etiam
897 3599 1114 3683 Eurip.
1182 3598 1370 3663 RheS.
1428 3601 1551 3662 355
1605 3619 1698 3683 sq.
1793 3591 1903 3677 „mi
1978 3624 2079 3685 μοι
2149 3595 2298 3674 Ζεὺς
2367 3596 2398 3661 ὁ
2475 3610 2721 3687 φαναῖος

442 3714 669 3798 ἥκειςιι)
748 3757 824 3766 -
882 3718 1004 3782 Sed
1072 3720 1243 3782 hune
1311 3739 1568 3803 quoque
1639 3721 2117 3805 προσωποποιίας
2190 3739 2377 3784 usum
2452 3719 2718 3784 Plautus

446 3840 524 3903 ad
590 3857 780 3903 suum
839 3838 1164 3903 arbitrium
1223 3839 1634 3923 amplificavit
1677 3843 2047 3925 redegitque
2093 3841 2161 3903 in
2208 3843 2521 3904 sermonis
2566 3861 2718 3903 con-

587 3995 645 4057 ⁴¹·)
685 3991 767 4044 Cf.
806 3991 1003 4044 Bacch.
1045 3991 1147 4044 640
1196 3992 1385 4052 „Hunc
1433 3993 1664 4043 hominem
1712 3994 1855 4043 decet
1904 4012 2029 4043 auro
2067 3993 2315 4057 expendi:
2349 3994 2459 4042 lmlc
2503 4002 2719 4043 statuam

447 4078 604 4126 statui
653 4078 800 4127 decet
835 4097 897 4127 ex
934 4086 1097 4129 anro“
1154 4083 1209 4131 et
1254 4079 1459 4132 Alexid.
1500 4080 1602 4148 frg.
1642 4081 1691 4142 3,
1728 4081 1848 4142 407,
1885 4080 1940 4132 I:
1996 4080 2142 4145 „Tou
2194 4073 2538 4147 ἰχθυοπώλαις
2592 4077 2720 4131 ἐστὶν

447 4161 780 4233 ἐψηφισμένον,
827 4156 897 4223 ὥς
941 4182 1069 4232 φασι,
1107 4164 1303 4233 χαλκῆν
1341 4164 1730 4234 Καλλιμέδοντος
1766 4161 1921 4218 εἰκόνα
1958 4166 2054 4234 στῆ
2055 4185 2133 4217 σαι
2170 4207 2180 4216 .
2224 4207 2234 4217 .
2276 4206 2286 4216 .
2325 4162 2395 4225 ὠς
2432 4159 2578 4218 αὐτὸν
2614 4159 2713 4218 ὄντ’

446 4243 634 4300 αὑτοῖσι
671 4249 757 4316 τῆς
794 4248 966 4317 τέχνης
1004 4245 1155 4321 μόνον
1191 4251 1415 4319 σωτῆρα.

586 4337 670 4396 *Ἴ
709 4336 791 4388 De
827 4336 904 4389 eis
941 4336 1196 4391 disseruit
1231 4338 1412 4402 Meier‚
1451 4343 1736 4392 comment.
1778 4338 1946 4408 epigr.
1987 4356 2037 4408 p.
2077 4341 2143 4392 (35
2181 4345 2237 4393 et
2277 4341 2391 4393 110.
