3028 4990
1353 315 1774 376 -34-

431 495 635 572 Quem
682 517 875 561 usum
922 499 1180 562 Graecis
1220 500 1501 562 alienum
1548 500 1829 581 (etiamsi
1874 500 2046 562 enim
2091 503 2313 582 poetae
2356 500 2703 562 inferorum

427 636 698 699 regnum
747 618 1150 702 appellabant
1193 620 1330 682 sive
1370 616 1715 705 Ἀχέροντος
1761 609 1972 702 ἀκτήν,
2025 622 2096 682 ut
2140 619 2325 702 Soph.
2356 621 2503 682 Ant.
2554 621 2701 700 810,

431 739 567 800 Sive
601 733 796 807 ἀκτὴν
826 739 1049 824 λίμνης,
1094 737 1439 824 Ἀχέροντος
1479 729 1648 822 χοάς,
1687 743 1758 801 ut
1796 738 1982 822 Soph.
2019 737 2328 818 Polyxen.
2362 738 2543 821 frgm.
2577 739 2705 801 478

429 857 489 920 N
494 906 532 938 .,
577 860 714 922 sive
746 855 1120 944 Ἀχεροντίαν
1158 859 1381 942 λίμνην,
1428 861 1499 920 ut
1536 857 1687 921 Eur.
1741 858 1977 922 Alcest.
2018 858 2162 939 444,
2200 860 2380 940 frgm.
2413 859 2534 919 ine.
2577 857 2701 920 860

429 976 489 1039 N
495 1024 531 1056 .‚
572 982 785 1040 tamen
810 980 1188 1042 Acherontis
1232 997 1481 1060 semper
1510 977 1798 1041 fluminis
1821 977 1925 1041 vel
1954 978 2133 1040 lacus
2170 979 2340 1040 notio
2372 978 2703 1055 remansit)

428 1093 704 1159 Romani
752 1097 1017 1162 fortasse
1062 1098 1138 1162 ab
1183 1099 1470 1161 Etruscis
1516 1102 1914 1179 receperunt,
1964 1116 2235 1179 quorum
2277 1099 2347 1159 in
2392 1097 2703 1178 religione

431 1215 730 1278 Acheron
760 1217 1083 1300 insignem
1108 1218 1317 1281 locum
1344 1217 1702 1280 obtinuisse
1728 1218 1997 1297 videtur,
2029 1216 2102 1279 cf.
2140 1236 2354 1298 „sacra
2378 1216 2705 1278 Acheron·
2767 1222 2772 1231 '

433 1337 540 1417 tia,
597 1356 761 1418 quae
810 1335 1015 1419 Tages
1059 1339 1496 1420 composuisse
1543 1338 1811 1401 dicitur“
1870 1357 1967 1419 ap.
2020 1336 2192 1400 SerV.
2241 1337 2404 1398 Aen.
2451 1336 2512 1416 8,
2558 1334 2704 1415 398,

432 1460 495 1516 et
544 1455 776 1536 „libros
822 1457 1323 1520 Acherunticos“
1375 1479 1469 1541 ap.
1520 1458 1757 1521 Arnob.
1807 1456 1891 1537 ΙΙ,
1935 1457 2033 1525 62.

599 1574 827 1657 Neque
883 1579 1097 1639 tamen
1155 1576 1305 1638 inde
1361 1578 1821 1640 consectarium
1885 1580 1981 1638 ost
2047 1594 2158 1638 eos
2225 1574 2397 1636 locos
2465 1571 2701 1655 quibus

431 1695 819 1758 Acheruntis
894 1696 1062 1778 apud
1111 1694 1410 1758 Plautum
1465 1698 1705 1758 mentio
1768 1695 1838 1758 fit
1896 1698 1962 1758 in
2026 1694 2498 1777 exemplaribus
2560 1695 2702 1756 eius

431 1815 728 1878 defuisse.
805 1815 1072 1877 Minime
1116 1818 1289 1877 enim
1333 1816 1630 1897 adducor,
1679 1820 1746 1877 ut
1789 1836 1826 1878 a
1869 1819 2057 1898 poeta
2095 1814 2357 1878 barbaro
2389 1813 2702 1896 profectos

431 1953 575 1997 esse
621 1954 918 1997 censeam
967 1935 1125 1997 tales
1169 1934 1342 1997 locos
1387 1940 1458 1996 ut
1499 1933 1671 1996 Trin.
1723 1936 1845 2023 524
1889 1954 1981 2017 sq.
2050 1934 2172 2008 „ln
2218 1934 2449 2017 quincto
2480 1954 2708 2016 quoque
2767 1914 2772 1919 ’

430 2053 588 2115 sulco
631 2055 970 2115 mov-»duntur
1010 2054 1176 2116 boves
1224 2100 1238 2114 .
1286 2103 1297 2114 .
1349 2103 1360 2114 .
1453 2053 1808 2115 Acheruntis
1851 2054 2064 2115 ostium
2108 2054 2167 2114 in
2198 2063 2451 2115 noeto-ost
2485 2059 2701 2133 a9r0‚“

432 2173 746 2256 siquidem
770 2174 775 2182 '
801 2177 1046 2235 constat
1105 2172 1378 2235 Graecos
1437 2174 1502 2234 in
1561 2173 1716 2235 locis
1776 2173 1934 2235 caeli
1975 2172 2338 2255 pestilentia
2381 2170 2702 2233 infamatis

430 2294 778 2370 inferorum
833 2294 1074 2356 aditum
1137 2284 1360 2373 (Ἅιδου
1418 2282 1639 2375 στόμα)
1697 2296 2014 2375 posuisse,
2077 2292 2150 2354 cf.
2199 2289 2452 2353 Preller.
2489 2287 2699 2370 myth.

434 2413 651 2477 Graec.
710 2413 767 2474 l3
820 2433 880 2497 p.
947 2414 1067 2475 665
1125 2433 1244 2497 sq„
1305 2419 1413 2476 aut
1475 2411 1648 2495 Capt.
1703 2413 1825 2475 998
1872 2431 2006 2494 sqq.
2101 2410 2303 2485 „Vidi
2358 2432 2459 2492 eqo
2513 2408 2703 2470 multa

438 2556 615 2615 saepe
644 2535 816 2616 pieta
857 2556 1008 2618 quae
1031 2534 1357 2596 Acherunti
1382 2535 1602 2617 flerent
1649 2534 2065 2595 Cruciamenta
2078 2555 2097 2592 .·
2141 2553 2341 2593 verum
2387 2531 2541 2593 enim
2568 2552 2705 2592 vero

430 2655 599 2716 nulla
670 2655 989 2738 adaequest
1047 2653 1355 2715 Acheru-ns
1416 2655 1613 2736 Atque
1678 2654 1780 2714 uba·
1842 2675 1942 2734 ‘'90
2003 2652 2114 2736 fui
2169 2652 2233 2712 in
2296 2650 2704 2731 lapicidinis‚“

433 2777 736 2857 quoniam
781 2795 817 2837 a
859 2771 1294 2837 Romanorum
1341 2771 1663 2834 mentibus
1712 2771 2035 2835 abhorruit
2067 2773 2278 2853 opinio
2310 2767 2551 2832 Tartari
2579 2770 2704 2829 tor-

432 2898 792 2958 mentorum
822 2895 1036 2977 qualia
1051 2894 1276 2956 Graeci
1301 2897 1364 2955 et
1388 2897 1609 2975 poetae
1646 2897 1707 2955 et
1752 2891 2021 2954 artifices
2056 2889 2487 2954 describerent
2515 2892 2705 2970 atque

432 3015 939 3098 depingerent*);
986 3034 1196 3097 neque
1227 3035 1264 3076 a
1293 3012 1518 3076 Plauto
1554 3016 1878 3076 inventam
1910 3031 2052 3075 esse
2091 3011 2354 3074 arbitror
2386 3008 2705 3073 eiusmodi

436 3135 814 3196 sententiam
860 3133 1111 3215 qualem
1165 3134 1461 3215 exprimit
1490 3130 1696 3195 Philto
1734 3131 1901 3194 Trin.
1936 3132 2056 3194 491
2093 3150 2228 3213 sqq.
2280 3152 2428 3205 „uos
2455 3129 2707 3191 homun-

434 3254 556 3315 culi
609 3253 881 3315 Sitellum
946 3253 1215 3313 animai:
1289 3273 1471 3334 quam
1532 3274 1708 3334 quom
1774 3250 2064 3331 eoetemplo
2126 3249 2440 3322 emrkimm,
2500 3249 2708 3331 Aequo

434 3374 737 3434 mendicus
780 3384 954 3457 atque
994 3373 1094 3436 ille
1133 3372 1607 3454 opulentissimus
1653 3370 1932 3433 (Jeozsetur
1971 3391 2142 3431 censu
2191 3369 2275 3429 ad-
2313 3367 2707 3429 Acheruntem

434 3501 763 3567 mortuo-§st
820 3512 1207 3575 quamquam
1261 3511 1402 3554 eam
1466 3492 1612 3553 oriri
1668 3510 1750 3553 ex
1785 3461 2157 3571 ⁴fragmento
2202 3486 2538 3551 Menandri
2582 3488 2704 3552 inc.

435 3611 556 3674 fab.
602 3633 659 3695 p.
696 3613 819 3674 273
854 3613 1024 3693 (176)
1072 3607 1220 3689 ,,κοῖν
1266 3611 1481 3696 μυρίων
1508 3614 1619 3694 γῆς
1655 3600 1916 3694 κυριεύῃς
1944 3608 2205 3693 πηχέων,
2238 3601 2445 3668 θανὼν
2471 3596 2706 3690 γενήσει

433 3721 601 3815 τάχα
662 3734 842 3816 τριῶν
890 3726 927 3798 ἦ
990 3721 1356 3814 τεττάρων,“
1421 3730 1590 3812 quod
1646 3730 1918 3792 coniecit
1957 3727 2378 3810 LadewigiuS,
2443 3725 2702 3807 „Canon

435 3849 547 3911 des
593 3847 925 3911 Volcacius
969 3847 1327 3930 Sedigitus“
1375 3866 1437 3928 p.
1486 3848 1587 3928 35,
1633 3847 1831 3910 nolim
1863 3846 2278 3909 subscribere.
2373 3844 2604 3907 Contra
2635 3845 2701 3907 in

436 3967 655 4029 eadem
715 3965 928 4029 fabula
985 3967 1096 4047 qui
1153 3965 1229 4027 ad
1286 3955 1570 4050 μακάρων
1628 3956 1836 4037 νήσους
1888 3966 2206 4046 pertinent
2247 3984 2348 4025 vv.
2398 3965 2520 4027 549
2566 3983 2704 4047 sqq.

435 4087 647 4162 „Sicut
691 4086 1143 4168 fortunatorum
1197 4095 1530 4147 memorant
1585 4083 1808 4157 insulae,
1874 4085 2004 4159 Quo
2056 4084 2246 4144 candi
2303 4084 2409 4167 qui
2456 4093 2702 4145 aetatem

582 4259 630 4326 ¹⁹)
662 4256 976 4311 Inconsulte
1012 4256 1280 4309 Prellerus
1318 4257 1488 4322 myth.
1528 4257 1678 4308 Rom.
1710 4272 1758 4323 p.
1789 4255 1887 4308 461
1927 4253 2071 4307 hunc
2109 4255 2285 4307 locum
2330 4252 2396 4305 ad
2434 4253 2706 4306 Romanas

436 4362 521 4399 res
560 4345 846 4399 revocavit.
918 4343 1140 4397 Rectius
1176 4343 1436 4397 iudicavit
1470 4343 1737 4397 Jordanus
1774 4343 1829 4395 in
1868 4342 1993 4395 edit.
2034 4344 2158 4395 tert.
2199 4342 2274 4404 ll,
2312 4357 2361 4408 p.
2402 4339 2487 4392 73.
2525 4338 2645 4392 adn.
