3028 4990
1312 336 1692 420 ·.···3-

366 520 496 582 nisi
553 538 718 602 quae
772 520 939 582 inter
997 521 1278 585 eruditos
1340 499 1467 583 iam
1528 521 1769 584 dudum
1813 522 2127 601 constant,
2177 523 2250 583 ut
2292 519 2368 582 ad
2415 538 2635 581 eorum

368 639 480 721 qui
537 637 817 720 primum
876 639 954 701 ad
998 638 1298 702 Plautum
1344 640 1645 704 accedant
1687 641 2157 703 institutionem
2202 638 2462 702 fortasse
2508 658 2635 701 non

367 756 636 838 inutilis,
681 757 760 820 ad
794 757 1301 840 amplificandam
1350 761 1681 823 scientiam
1727 778 1930 843 paene
1976 760 2135 821 nibil
2176 758 2458 822 conferre
2490 777 2639 821 cen-

370 876 567 939 senda
613 877 709 939 sit.
797 876 1031 941 Melius
1073 878 1151 941 de
1197 898 1273 941 ea
1315 899 1383 941 re
1429 880 1635 941 meriti
1682 883 1832 942 sunt
1876 878 2140 941 Brixius
2184 882 2247 942 et
2287 878 2637 940 Lorenzius

366 997 432 1057 in
489 997 1008 1078 interpretatione
1065 1018 1284 1061 earum
1339 1018 1497 1080 quas
1529 999 1888 1062 ediderunt
1948 997 2303 1060 fabularum
2351 1014 2515 1078 quae
2562 995 2639 1057 ad

368 1113 663 1196 Graecae,
724 1136 886 1198 quae
946 1089 1022 1180 ad
1068 1107 1391 1182 Romanas
1443 1136 1544 1181 res
1591 1120 1908 1200 pertinere
1954 1118 2075 1181 sibi
2122 1116 2491 1178 viderentur
2534 1114 2640 1176 ad-

365 1238 680 1298 notantes
751 1234 1050 1320 Denique
1081 1236 1522 1301 Mommsenus
1554 1238 1619 1298 in
1655 1235 1977 1300 Historiae
2006 1236 2333 1300 Romanae
2365 1234 2503 1297 libr.
2523 1233 2635 1295 III.

367 1374 501 1438 cap.
547 1354 727 1417 XIV.
791 1375 939 1418 cum
997 1375 1218 1419 omnes
1264 1357 1556 1439 palliatae
1602 1361 1819 1439 poetas
1862 1361 1994 1419 tum
2039 1355 2336 1418 Plautum
2390 1354 2642 1416 censuit

367 1476 609 1539 Atticas
655 1452 1013 1539 comoedias
1059 1480 1120 1538 et
1163 1478 1231 1538 in
1278 1478 1672 1558 argumentis
1720 1481 1781 1539 et
1823 1478 1891 1538 in
1937 1473 2342 1538 sermonibus
2374 1475 2460 1535 ita
2492 1492 2641 1536 con-

366 1597 638 1658 vertisse
682 1594 924 1676 Latine,
983 1598 1053 1658 ut
1094 1594 1300 1677 plebei
1342 1597 1637 1659 homines
1684 1602 1747 1658 et
1791 1599 2073 1678 agrestes
2122 1613 2229 1656 eas
2276 1613 2402 1655 non
2453 1592 2638 1655 modo

366 1716 756 1798 intellegere,
803 1715 914 1777 sed
960 1717 1148 1777 etiam
1194 1717 1583 1797 voluptatem
1625 1716 1777 1778 inde
1819 1735 2042 1797 capere
2088 1716 2369 1797 possent,
2423 1713 2640 1794 itaque

368 1835 611 1899 Graeca
654 1836 943 1897 instituta
989 1853 1323 1917 moresque
1367 1813 1442 1897 ea
1496 1835 1803 1897 duntaxat
1851 1837 2174 1916 recepisse
2219 1834 2286 1894 in
2331 1833 2640 1914 palliatae,

368 1974 535 2038 quae
597 1974 712 2017 suo
775 1954 1009 2036 populo
1065 1959 1174 2016 aut
1218 1956 1343 2017 iam
1388 1958 1450 2016 et
1493 1956 1617 2036 ipsi
1660 1956 1729 2017 in
1772 1974 1897 2016 usu
1944 1973 2087 2016 esse
2130 1955 2492 2035 coepissent
2535 1957 2643 2014 aut

367 2074 695 2136 auditione
741 2076 803 2134 et
845 2072 1009 2135 fama
1056 2083 1274 2135 essent
1315 2077 1587 2155 accepta.
1683 2074 1893 2155 Atque
1931 2073 2048 2135 hoc
2081 2072 2339 2154 quidem
2372 2071 2637 2134 Momm-

367 2210 600 2255 senum
653 2193 944 2274 quamvis
987 2211 1114 2254 non
1161 2211 1463 2274 expresse
1506 2193 1873 2274 pronuntiet
1917 2194 2229 2274 cogitasse
2276 2192 2423 2254 inde
2453 2195 2638 2274 patet,

370 2312 541 2395 quod
599 2311 846 2374 fabulas
903 2331 940 2372 a
997 2310 1252 2373 Graecis
1317 2312 1714 2374 carminibus
1770 2312 2238 2394 tragoediisque
2295 2310 2641 2373 celebratas

368 2452 665 2515 magnam
708 2434 948 2514 partem
988 2427 1297 2493 Romanis
1341 2433 1469 2493 iam
1516 2436 1651 2493 tum
1698 2433 1982 2514 cognitas
2027 2431 2229 2493 fuisse
2274 2432 2512 2514 colligit
2557 2451 2641 2493 ex

364 2549 664 2612 Plautina
723 2570 939 2613 earum
1007 2552 1607 2614 commemoratione
1671 2571 1730 2632 p.
1783 2551 1949 2613 9481.
2052 2550 2223 2613 Huic
2286 2553 2640 2613 sententiae

370 2671 432 2734 ei
477 2671 801 2733 communi
846 2689 991 2732 cum
1037 2667 1382 2732 Ritschelio
1428 2673 1563 2752 (qui
1610 2691 1661 2732 e.
1698 2690 1756 2752 g.
1798 2676 1935 2733 octo
1979 2669 2245 2752 fabulae,
2294 2673 2360 2732 in
2407 2669 2641 2752 quibus

370 2792 612 2852 mentio
679 2790 750 2852 fit
815 2791 949 2852 auri
1022 2788 1361 2872 Philippei,
1431 2791 1650 2853 ultimo
1715 2792 1864 2853 artis
1931 2789 2261 2853 Plautinae
2331 2790 2640 2852 decennio

372 2909 674 2991 attribuit,
727 2912 878 2992 quia
938 2908 998 2970 id
1056 2928 1264 2991 genus
1310 2912 1621 2992 pecuniae
1665 2915 1810 2972 ante
1857 2909 2007 2972 belli
2048 2909 2440 2972 Macedonici
2485 2913 2643 2971 tem-

371 3049 530 3111 pora
572 3027 814 3092 Romae
862 3048 989 3090 non
1037 3028 1445 3109 increbuerit,
1491 3029 1563 3091 cf.
1595 3028 1843 3111 Parerg.
1890 3050 1946 3112 p.
1979 3030 2100 3091 353
2123 3029 2181 3110 *)
2237 3033 2424 3111 atque
2470 3048 2644 3091 nunc

370 3150 502 3212 fere
568 3118 862 3230 vulgatae
927 3151 1172 3232 primus
1240 3147 1480 3210 obstitit
1541 3147 1997 3232 KiesslingiuS,
2068 3170 2213 3211 cum
2280 3148 2644 3231 insignibus

375 3268 759 3350 quibusdam
817 3270 1129 3352 exemplis
1191 3267 1484 3350 probaret
1544 3268 1642 3349 (cf.
1693 3270 1999 3331 Analecta
2043 3267 2339 3331 Plautina
2382 3267 2410 3328 Ι
2455 3272 2516 3330 et
2560 3267 2644 3347 Il,

374 3388 510 3451 Ind.
558 3388 750 3451 schol.
800 3390 1156 3470 Gryphisw.
1211 3389 1387 3450 1878.
1438 3408 1494 3469 p.
1539 3389 1613 3449 14
1659 3393 1722 3451 et
1768 3391 1949 3452 1881.
1995 3411 2049 3472 p.
2095 3392 2152 3467 9)
2201 3388 2498 3451 Plautum
2543 3389 2643 3450 vel

374 3509 813 3591 argutissimas
860 3512 1050 3591 atque
1098 3510 1496 3571 doctissima-s
1529 3510 1719 3571 Attici
1765 3510 1913 3572 salis
1962 3510 2308 3592 elegantias
2356 3510 2419 3570 in
2467 3508 2645 3570 fabu-

374 3630 468 3693 las
525 3649 676 3692 suas
730 3631 1152 3709 transtulisse,
1217 3650 1369 3692 num
1418 3634 1803 3712 spectatores
1850 3648 1957 3692 eas
2005 3629 2383 3691 intellecturi
2431 3630 2647 3690 essent

376 3767 634 3832 prorsus
697 3750 1093 3812 incuriosum
1152 3753 1341 3832 atque
1407 3752 1668 3812 omnino
1717 3749 1913 3811 multo
1962 3751 2247 3830 pressius
2292 3746 2642 3807 Atticorum

377 3870 647 3952 vestigia
691 3875 982 3932 secutum
1027 3888 1169 3932 esse
1201 3889 1389 3952 quam
1424 3871 1609 3932 hodie
1643 3870 1834 3952 vulgo
1867 3868 2332 3930 arbitrarentur.
2424 3863 2645 3945 Itaque

380 3991 800 4072 praeceptoris
844 3989 1189 4051 venerandi
1231 3989 1524 4071 exemplo
1571 3992 1759 4070 atque
1807 3989 2054 4050 hortatu
2111 3987 2418 4049 adductus
2475 3984 2647 4045 hune

379 4113 578 4172 totum
624 4110 702 4172 dc
748 4107 970 4173 Plauto
1004 4110 1389 4173 Graecorum
1436 4110 1772 4189 interprete
1818 4108 2024 4170 locum
2072 4107 2149 4169 de
2199 4107 2442 4186 integro
2488 4105 2647 4164 trac--

519 4363 571 4428 ¹⁸¹)
612 4363 737 4416 Alia
780 4362 1014 4416 eiusdem
1052 4362 1278 4415 rationis
1315 4363 1554 4430 exempla
1591 4377 1637 4414 V.
1678 4360 1806 4415 ibid.
1845 4378 1894 4428 p.
1936 4360 2054 4414 193.
2097 4359 2216 4412 203.
2255 4355 2375 4409 208.
2418 4354 2539 4408 408.

2168 4469 2227 4522 1*
