3028 4990
1287 338 1703 399 ..59-

357 522 439 584 ad
493 523 665 584 huno
718 522 886 584 diem
948 520 1178 582 usitato
1225 523 1688 603 propulsoriam
1736 520 2055 603 quandam
2102 538 2326 582 vocem
2369 519 2626 601 addunt,

364 642 943 726 ‚,praefiscine“‚
1005 640 1146 701 eius
1211 640 1349 702 loco
1414 641 1480 702 in
1534 642 1763 703 Atticis
1809 639 2040 703 fabulis
2086 639 2343 702 eosdem
2393 639 2636 700 dixisse

359 751 713 842 ἀβάσκαντα
772 761 908 822 sive
966 749 1363 839 ἀβασκάντως
1406 760 1509 820 vel
1568 763 1876 844 προσκυνῶ
1921 754 2031 827 τὴν
2070 748 2456 843 Ἀδράστειαν
2497 756 2634 818 sivo

364 880 640 964 Νέμεσιν,
698 878 933 963 quibus
989 877 1201 941 verbis
1247 878 1468 940 Graec-i
1516 898 1811 942 amovere
1871 878 2213 942 studebant
2258 894 2634 959 superorum

362 1001 670 1063 invidiam
732 1000 826 1080 (os.
884 997 966 1061 O.
1014 997 1211 1078 Iahn,
1271 998 1308 1059 l.
1360 1016 1407 1059 S.
1461 1017 1507 1059 s.
1569 1019 1624 1081 p.
1677 999 1757 1062 62
1804 1004 1866 1062 et
1910 1002 2037 1080 84),
2100 1002 2238 1063 iure
2280 998 2635 1078 meritoque

359 1124 731 1183 statuemus.
770 1156 847 1163 ——
879 1117 1106 1200 Neque
1151 1115 1357 1179 Plauti
1403 1135 1654 1201 semper
1684 1119 1938 1182 arbitrio
1983 1120 2257 1183 adiectas
2299 1116 2634 1179 credemus

366 1240 749 1320 precationis
778 1236 1082 1299 formulas
1119 1233 1261 1314 ,3Di
1288 1236 1453 1297 bene
1494 1241 1820 1299 υοννιαηιιι
1856 1238 2110 1315 (Pseud.
2139 1237 2277 1300 646.
2310 1237 2455 1299 Aul.
2494 1236 2633 1297 257.

363 1359 507 1426 272.
540 1356 707 1420 Trin.
738 1357 905 1437 502),
955 1353 1188 1437 „Quae
1230 1376 1342 1416 ‘res
1385 1356 1551 1416 bene
1592 1359 1866 1417 υοΜαίιι
1902 1356 2092 1437 (Trin.
2121 1358 2260 1420 500.
2294 1355 2468 1419 PerS.
2493 1356 2634 1418 329.

363 1477 541 1540 Cure.
572 1479 741 1557 729),
786 1474 1027 1557 „Quod
1070 1475 1327 1536 bonum
1364 1476 2063 1560 atque-fortunatum
2091 1476 2226 1537 sit“
2260 1474 2424 1557 (CaS.
2459 1473 2543 1556 Il,
2576 1474 2635 1554 6,

366 1598 493 1679 50),
577 1595 828 1673 „Quod
897 1595 1151 1656 bonum
1197 1594 1534 1677 faustum
1579 1595 1775 1678 felia}
1819 1597 2427 1679 fortunatumque
2500 1595 2634 1654 sit“

360 1715 551 1797 (Trin.
595 1717 697 1796 41,
728 1716 801 1781 cf.
830 1714 956 1777 Cio.
1006 1714 1082 1775 de
1131 1713 1254 1775 div,
1304 1712 1354 1793 Ῑ,
1383 1716 1485 1794 45,
1523 1716 1688 1796 102),
1736 1718 1792 1778 si
1823 1717 2304 1778 meminerimus
2349 1714 2637 1777 similiter

364 1835 636 1898 Graecos
673 1834 780 1898 ubi
824 1835 1063 1917 aliquid
1108 1836 1317 1896 maius
1361 1853 1475 1896 seu
1525 1833 1781 1915 publice
1828 1854 1941 1898 seu
1989 1837 2283 1916 privatim
2333 1833 2637 1918 gerebant

362 1954 514 2017 boni
553 1958 823 2017 eventus
870 1973 1062 2017 causa
1107 1953 1183 2016 ab
1213 1951 1448 2035 Ἀγαθῆ
1486 1944 1662 2036 Τύχη
1701 1958 1986 2037 coepisse
2016 1956 2109 2034 (ef.
2148 1953 2401 2017 Preller.
2438 1953 2631 2033 myth.

366 2075 467 2137 Gr.
497 2075 554 2136 1³
580 2095 641 2156 p.
662 2076 832 2158 444),
858 2096 1020 2158 quae
1042 2074 1310 2137 formula
1335 2074 1526 2135 etiam
1548 2075 1615 2135 in
1643 2073 1814 2136 huno
1835 2074 2094 2137 modum
2122 2077 2357 2137 variata
2377 2075 2633 2157 legitur:

366 2193 548 2271 ,,θὲος
569 2189 840 2280 Ἀγαθάν
865 2185 1113 2278 τύχανιι,
1140 2193 1314 2274 „azot
1333 2186 1603 2275 Ἀγαθὰν
1629 2182 1878 2275 τύχανίί,
1928 2188 2111 2270 ,,θεὸς
2146 2187 2639 2277 ἀγαθὸςἈγαθᾷ

364 2306 523 2399 τύχᾳ
566 2317 665 2376 καὶ
709 2316 803 2375 ἐπὶ
848 2314 1171 2398 σωτηρίορζ,
1219 2310 1488 2395 ,ξΑγαθῆ
1521 2302 1696 2396 Τύχῃ
1728 2307 1875 2386 Ζεὺς
1907 2305 2163 2399 σωτήριι,
2214 2307 2397 2390 „er-:bg
2443 2314 2638 2392 (ἵλεως

373 2436 486 2515 εἴη)
526 2433 759 2520 Ἀγαθῇ
805 2425 962 2519 τύχη
1002 2431 1270 2517 Ἀγαθοῦ
1313 2423 1647 2517 δαίμονος“,
1694 2432 1765 2494 cf.
1801 2431 2095 2497 'Gerhard
2153 2434 2294 2515 „ub
2363 2434 2637 2517 Agatho-

365 2554 592 2617 damon
634 2556 767 2617 und
815 2552 996 2616 Bona
1042 2551 1239 2633 Dea“,
1285 2552 1599 2615 Abhandl.
1647 2553 1702 2615 d.
1751 2552 1913 2616 Berl.
1969 2555 2165 2621 Akad.
2211 2556 2267 2617 d.
2299 2554 2399 2616 W.
2455 2553 2637 2633 1847,

365 2676 552 2755 atque
583 2673 929 2735 verisimile
961 2677 1058 2733 est
1087 2672 1228 2734 aliis
1264 2691 1520 2755 quoque
1552 2674 1869 2737 eiusmodi
1903 2675 2329 2738 locutionibus
2364 2675 2636 2738 Graecos

366 2811 517 2855 usos
557 2812 700 2855 esse
741 2795 806 2854 in
860 2795 989 2854 vita
1034 2792 1377 2869 cotidiana,
1436 2797 1505 2855 ut
1549 2790 1906 2880 ,,ὸνησίφορα
1946 2794 2221 2879 γένοιτο“
2266 2816 2366 2878 ap.
2414 2797 2632 2858 comio.

366 2931 551 2974 anon.
601 2916 659 2993 4,
707 2913 824 2975 691
876 2913 1069 2992 (350).
1177 2911 1351 2975 Talia
1410 2914 1599 2975 etiam
1657 2915 1725 2974 in
1793 2914 2245 2996 sponsionibus
2318 2919 2409 2995 (ut
2467 2913 2634 2976 Trin.

367 3032 402 3092 l.
453 3051 502 3093 c.
567 3031 760 3112 „Quin
805 3032 1134 3114 fabulare,
1193 3032 1258 3092 di
1317 3031 1454 3093 bene
1513 3042 1783 3094 vortant:
1857 3033 2116 3113 spondeo
2135 3033 2229 3113 ?“)
2283 3056 2318 3096 a
2382 3034 2639 3099 Graecis

368 3158 668 3233 usurpata
721 3171 862 3215 esse
922 3172 1073 3215 vero
1121 3172 1249 3216 non
1296 3150 1588 3214 absimile
1635 3160 1761 3231 est,
1827 3157 1894 3215 ut
1951 3154 2270 3236 stipulatio
2317 3145 2638 3238 (ἑγγύησις)

368 3291 622 3353 quoque
665 3275 705 3333 i.
740 3292 792 3334 e.
845 3271 1140 3355 obligatio
1167 3271 1381 3333 verbis
1422 3275 1757 3353 contracta,
1802 3275 2098 3355 quamvis
2131 3273 2472 3337 admodum
2501 3293 2641 3336 rara

368 3393 506 3453 eius
569 3392 737 3474 apud
799 3393 1227 3454 Athenienses
1275 3397 1573 3473 appareat
1629 3393 2005 3475 significatio
2052 3394 2155 3475 (ef.
2202 3394 2639 3474 Waohsmuth,

364 3510 613 3573 Hellen.
678 3513 1285 3575 Alterthumskunde
1350 3511 1438 3574 11²
1520 3533 1578 3593 p.
1635 3514 1751 3575 188
1798 3518 1861 3576 et
1910 3515 2095 3596 190),
2164 3515 2268 3576 vel
2323 3517 2388 3576 in
2453 3532 2640 3596 spon-

370 3630 612 3693 salibus
661 3631 913 3693 videtur
955 3634 1370 3713 convenisse,
1431 3632 1503 3693 cf.
1555 3631 1770 3694 Meier.
1812 3632 1978 3695 Hist.
2025 3632 2149 3696 Iur.
2200 3637 2322 3696 Att.
2370 3633 2447 3696 de
2496 3632 2638 3695 bon.

367 3750 573 3813 damn.
643 3770 701 3833 p.
749 3751 827 3812 66
875 3770 966 3833 sq.
1042 3787 1119 3795 —-
1184 3749 1396 3823 Quid?
1463 3752 1632 3833 quod
1678 3753 1742 3813 in
1792 3752 2023 3815 fabulis
2066 3751 2381 3815 Plautinis
2426 3757 2638 3815 mente

368 3869 530 3951 capti
556 3888 627 3931 ao
665 3869 1002 3933 delirantes
1049 3889 1241 3951 saepe
1266 3878 1576 3934 vocantur
1618 3871 1889 3933 larvati
1932 3878 2039 3934 aut
2078 3872 2425 3952 cerriti*),
2463 3875 2500 3934 i.
2524 3890 2576 3932 e.
2605 3893 2640 3933 a.

367 3987 560 4049 larvis
617 3993 724 4050 aut
785 4011 819 4050 a
893 3988 1048 4051 Cero
1108 3992 1210 4069 (cf.
1273 3988 1528 4053 Preller.
1577 3990 1668 4063 1³.
1727 4012 1786 4074 p.
1838 3993 1940 4071 80)
2000 3993 2248 4074 agitati,
2302 3992 2364 4053 id
2426 4011 2639 4053 nonne

506 4195 557 4262 ³¹⁸)
596 4196 777 4244 Larva
814 4199 910 4247 aut·
951 4196 1182 4245 larvatus
1234 4196 1425 4264 Amph.
1469 4197 1585 4249 777.
1682 4197 1803 4249 Aul.
1845 4197 1962 4249 634.
2035 4200 2156 4250 Cas.
2194 4195 2243 4258 3,
2281 4196 2328 4259 4,
2368 4196 2414 4248 2.
2479 4199 2634 4265 Caph.

365 4280 483 4333 598.
557 4281 720 4335 Mero.
759 4280 877 4334 981.
951 4282 1090 4334 Men.
1130 4283 1248 4335 889.
1349 4282 1533 4349 F'rgm.
1572 4282 1767 4352 Amph.
1811 4287 1858 4335 5.
1934 4283 2046 4336 Ine.
2087 4283 2188 4335 fab.
2227 4272 2328 4334 46.
2414 4283 2637 4333 Com-itus

364 4366 564 4436 Amph.
605 4366 709 4420 775
748 4385 825 4437 sq.
884 4367 1045 4420 Poen.
1084 4368 1188 4432 111,
1231 4371 1276 4433 1,
1323 4369 1405 4423 25.
1465 4369 1602 4422 Rud.
1646 4370 1794 4423 1006.
1849 4370 1987 4423 Men.
2029 4368 2145 4422 889.
2205 4369 2335 4437 Frg.
2362 4369 2559 4438 Amph.
2589 4373 2635 4423 5.
