3028 4990
1365 368 1444 377 -..
1535 333 1787 395 28..

614 515 792 579 ldom
857 517 1270 580 iudicandum
1334 523 1433 581 est
1474 520 1555 582 de
1598 520 1736 582 loco
1783 516 2084 580 Pseudoli
2131 516 2239 580 ubi
2284 534 2530 600 coquus
2574 517 2712 597 qui-

442 635 585 697 dam
631 635 1067 698 incredibilem
1111 640 1261 699 artis
1317 656 1472 700 suae
1517 638 1859 700 sollertiam
1902 636 2146 700 tumido
2189 655 2296 698 ore
2341 635 2712 717 praedicans

446 756 601 816 mira
664 774 739 816 ao
790 774 1051 836 prorsus
1109 756 1395 819 inaudita
1460 758 1649 819 iactat
1701 757 2246 819 condimentorum
2321 775 2483 837 quae
2549 757 2718 816 norit

444 874 705 935 nomina
749 876 1080 957 pergitque
1126 877 1329 953 (834):
1374 874 1590 949 „Haec
1630 876 1716 936 ad
1743 874 2018 955 Neptuni
2045 875 2306 954 pecudes
2345 874 2714 935 condimenta

439 1003 611 1052 sunt:
694 992 1007 1054 Terrestris
1066 995 1319 1074 pecudes
1375 995 1741 1056 cicirnandro
1805 995 2013 1055 eomlc‘o
2035 1041 2052 1067 ‚
2128 992 2545 1073 Ilapalopsitle
2610 1003 2716 1052 aut

441 1112 834 1172 cataractria.
854 1121 946 1172 ..“
993 1110 1252 1175 Talibus
1282 1116 1454 1176 enim
1486 1116 1699 1196 poesis
1728 1112 2012 1193 floribuS.
2046 1114 2253 1195 qualis
2277 1119 2373 1175 est
2398 1109 2720 1191 „Neptuni

434 1230 733 1308 pecudes“
759 1250 873 1311 pro
907 1232 1196 1313 ,‚pis‹·e3“,
1222 1235 1466 1295 Atticae
1489 1233 1854 1295 comoediae
1877 1252 2115 1314 coquos
2143 1233 2452 1315 gloriosos
2477 1250 2715 1293 sermo-

442 1367 562 1409 nes
608 1367 761 1410 suos
808 1369 1031 1412 ornare
1068 1353 1348 1434 artisque
1380 1354 1774 1414 ieiunitatem
1810 1356 1876 1414 ut
1906 1352 2085 1414 cibos
2116 1352 2538 1413 condimentis
2566 1370 2715 1413 oon·

444 1467 577 1529 dire
602 1468 820 1532 solitos
845 1488 989 1531 esse
1014 1489 1097 1530 ex
1120 1471 1490 1551 fragmentis
1517 1473 1883 1533 etiamnunc
1908 1473 2338 1553 perspicuum,
2358 1472 2433 1531 cf.
2453 1468 2714 1531 Lorenz.

441 1589 633 1671 praef.
672 1587 901 1652 Pseud.
936 1608 996 1670 p.
1041 1591 1111 1649 12
1143 1607 1236 1670 sq.
1291 1625 1373 1635 —-
1418 1589 1716 1653 Summos
1764 1608 1910 1651 vero
1959 1591 2123 1650 inter
2165 1563 2319 1650 deos
2365 1586 2716 1667 Plautium,

446 1709 534 1770 uti
574 1728 686 1790 par
728 1713 827 1770 est
864 1710 929 1770 in
975 1708 1208 1770 fabulis
1252 1728 1415 1790 quae
1460 1714 1624 1771 totae
1669 1710 1799 1771 fere
1845 1714 2180 1770 versentur
2222 1710 2288 1769 in
2321 1707 2515 1770 rebus
2546 1727 2717 1770 ama·

439 1828 616 1888 toriis
647 1832 709 1887 et
738 1828 1132 1906 meretriciiS‚
1177 1831 1509 1910 occupavit
1541 1828 1794 1890 Venus
1840 1828 2129 1893 honores,
2222 1826 2400 1901 Quae
2446 1832 2715 1910 quantas

441 1950 654 2027 ageret
714 1952 923 2027 partes
968 1948 1032 2007 in
1079 1950 1472 2028 argumentis
1523 1946 1836 2010 Rudentis
1896 1954 1958 2009 et
2001 1945 2268 2010 Poenuli
2315 1949 2440 2009 iam
2487 1949 2552 2009 in
2604 1966 2715 2008 ex-

441 2065 615 2127 ordio
648 2065 1110 2137 dissertationis
1143 2071 1396 2129 nostrae
1424 2068 1865 2148 exposuimus.
1930 2065 2055 2127 Sed
2090 2086 2213 2128 non
2251 2069 2466 2128 minus
2497 2064 2713 2127 crebro

440 2185 507 2246 in
532 2187 758 2246 ceteris
789 2184 1021 2247 fabulis
1055 2205 1292 2247 nomen
1323 2182 1466 2248 eius
1503 2188 1570 2248 in
1605 2187 2061 2248 diversissimis
2094 2185 2352 2248 casibus
2387 2203 2715 2266 nuncupa-

440 2310 574 2364 tum
633 2305 916 2364 occurrit.
1009 2301 1105 2364 De
1150 2306 1250 2365 his
1293 2304 1449 2365 locis
1496 2306 1777 2384 cunctiS,
1839 2323 2000 2387 quos
2058 2305 2279 2367 afferre
2325 2306 2609 2365 minutae
2653 2308 2716 2364 et

441 2441 950 2505 supervacaneae
980 2426 1151 2486 esset
1181 2422 1568 2505 subtilitatis,
1600 2443 1805 2487 unum
1834 2425 2134 2508 idemque
2165 2425 2478 2486 iudicium
2509 2424 2713 2484 facere

439 2561 810 2625 possumu8‚
839 2563 982 2606 esse
1013 2547 1456 2625 transscriptos
1493 2564 1579 2606 ex
1613 2542 1818 2607 Plauti
1848 2543 2340 2627 exemplaribus.
2419 2542 2713 2625 Namque

441 2662 722 2744 vulgaris
780 2666 1038 2726 notitiae
1094 2672 1191 2726 est
1237 2664 1557 2726 Venerem
1605 2667 1899 2745 primitus
1958 2685 1996 2726 a
2039 2662 2345 2726 Romanis
2391 2663 2712 2724 hortorum

440 2788 505 2845 et
550 2785 883 2846 vinearum
928 2790 1252 2866 patronam
1299 2785 1531 2846 cultam
1579 2803 1756 2863 esse,
1800 2805 1926 2867 qua
1973 2786 2234 2846 notione
2280 2786 2469 2846 etiam
2516 2782 2713 2845 Varro

442 2925 582 2967 cam
646 2906 899 2967 invocat
965 2904 1042 2966 de
1100 2923 1166 2966 re
1211 2908 1362 2966 rust.
1411 2903 1462 2985 Ι,
1511 2906 1565 2966 1.
1615 2905 1651 2966 6
1713 2903 1908 2984 „Item
1956 2903 2309 2966 adveneror
2361 2903 2712 2965 Minervam

440 3029 504 3087 et
552 3024 900 3105 Venerem,
967 3044 1237 3106 quarum
1302 3024 1497 3085 unius
1549 3025 1903 3104 procuratio
1950 3023 2200 3103 oliveti,
2259 3023 2519 3085 alterius
2575 3023 2716 3084 hor-

438 3150 679 3223 torum,
763 3163 889 3226 quo
960 3145 1220 3205 nomine
1283 3143 1521 3205 rustica
1590 3140 1837 3205 Vinalia
1907 3143 2251 3205 instituta“.
2367 3132 2718 3226 Ἀφροδίτης

442 3271 655 3327 autem
713 3281 982 3325 munera
1037 3281 1180 3324 eum
1229 3263 1507 3343 primum
1555 3283 1607 3324 a.
1655 3264 1775 3324 217
1824 3284 1877 3324 a.
1925 3261 2062 3324 Chr.
2108 3260 2360 3344 publice
2406 3261 2463 3322 ei
2511 3260 2715 3322 delata

442 3386 572 3446 sint
604 3420 679 3428 -
712 3401 788 3445 eo
833 3384 1005 3444 enim
1050 3400 1219 3443 anno
1249 3378 1490 3445 Romae
1534 3402 1616 3444 ex
1658 3381 1837 3444 libris
1869 3381 2200 3461 Sibyllinis
2244 3379 2437 3444 aedes
2479 3381 2540 3441 ei
2571 3383 2717 3442 vota

441 3507 539 3564 ost
597 3520 741 3564 oum
804 3502 1189 3564 lectisternio
1246 3501 1580 3564 duodecim
1643 3502 1943 3580 deorum,
2014 3501 2080 3560 in
2130 3518 2257 3581 quo
2304 3499 2547 3562 Graeco
2589 3501 2715 3560 ritu

440 3642 587 3685 eum
634 3621 830 3684 Marto
875 3623 1214 3685 coniuncta
1254 3625 1405 3700 erat,
1449 3620 1525 3682 cs.
1567 3620 1703 3683 Liv.
1753 3618 1964 3699 XXII,
2002 3621 2055 3684 9.
2103 3616 2348 3698 XXIII.
2390 3620 2469 3681 30
2503 3638 2598 3701 sq.
2633 3657 2712 3664 -

444 3741 627 3804 valde
665 3741 931 3804 dubium
963 3747 1061 3804 est
1088 3762 1241 3804 num
1281 3740 1458 3803 brevi
1502 3744 1866 3805 intermisso
1898 3758 2211 3803 annorum
2239 3740 2441 3821 spatio
2475 3738 2716 3801 Graeca

440 3862 551 3924 illa
608 3860 880 3924 Veneris
923 3862 1164 3944 [natura
1218 3859 1388 3942 plebi
1448 3859 1775 3925 Romanae
1819 3867 1946 3923 tam
1989 3859 2315 3923 familiaris
2358 3858 2585 3938 fuerit,
2645 3863 2717 3921 ut

440 3983 699 4063 gestiret
754 3980 1020 4043 Plautus
1077 4000 1195 4043 sua
1259 3985 1485 4061 sponte
1551 4000 1786 4044 nomen
1845 3982 1985 4044 eius
2048 3979 2420 4062 cultumque
2483 3979 2714 4042 fabulis

443 4102 580 4162 suis
622 4102 924 4180 inserere,
964 4119 1111 4162 oum
1157 4100 1402 4163 Atticae
1451 4119 1614 4183 quas
1646 4102 2035 4183 exprimeret
2077 4100 2440 4163 comoediae
2485 4120 2598 4183 per
2635 4118 2713 4161 se

445 4220 720 4283 Veneris
777 4222 1374 4282 commemoratione
1437 4220 1852 4283 abundarent.
1946 4218 2174 4302 Neque
2236 4220 2414 4282 aliter
2472 4238 2578 4281 res
2646 4237 2715 4281 se
