3028 4990
1282 305 1700 368 „60-

354 493 636 571 apertum
695 495 793 554 est
850 495 1182 573 propterea
1232 492 1464 555 factum
1512 510 1656 556 esse
1702 493 1870 575 quod
1915 492 2081 576 apud
2123 493 2365 557 Atticos
2413 493 2619 556 eidem

353 608 502 670 dicti
541 614 720 672 crant
772 600 1108 693 δαιμονικοὶ
1163 613 1298 674 Sive
1344 602 1777 695 δαιμονῶντες,
1838 611 2261 696 lymphatici
2301 615 2513 675 autem
2558 616 2623 674 ot

351 726 847 809 leclleborosz‘*)
881 720 1296 815 νυμφόληπτοι
1328 734 1392 793 et
1428 732 1908 816 ἑλλεβορῶντεςὶ)
1946 768 2022 777 —-
2055 729 2353 813 Denique
2383 730 2613 811 Amph.

356 847 474 909 738
519 867 656 930 sqq.
728 869 891 931 quae
955 849 1137 913 Sosia
1194 851 1344 913 dicit
1396 870 1501 913 ero
1563 852 1639 913 de
1695 852 2005 914 Alcmena
2068 861 2256 913 noctu
2323 851 2619 911 maritum

353 983 569 1029 secum
634 968 835 1031 fuisso
892 973 1215 1032 narrante:
1284 970 1616 1050 „somnium
1680 981 1892 1031 narrat
1954 970 2072 1031 tibi.
2184 969 2339 1048 Sed,
2391 967 2621 1048 mulier,

339 1096 665 1168 postquam
731 1089 1159 1171 eaperrecta'S,
1233 1100 1286 1151 tc
1336 1090 1763 1171 prodiyiali
1826 1089 1986 1150 loci
2043 1089 2169 1151 Am}
2229 1087 2390 1150 mola
2462 1086 2622 1147 salsa

347 1203 519 1265 hodie
571 1217 674 1266 aut
743 1217 871 1268 ture
940 1219 1377 1289 comprecatam
1454 1209 1775 1290 opor-atic‘,
1838 1209 2071 1291 ecquid
2146 1206 2463 1270 dubitabis
2537 1226 2621 1268 ex

348 1321 556 1386 Plauti
611 1328 908 1410 exemplo
972 1329 1308 1412 desumpta
1352 1348 1535 1410 esse,
1593 1332 1646 1393 si
1706 1329 1961 1411 quidem
2021 1329 2275 1390 noveris
2325 1331 2450 1389 tam
2495 1323 2622 1388 Ro-

347 1445 556 1505 manis
613 1445 710 1524 (cf.
776 1443 1004 1510 Tibull.
1049 1447 1098 1529 Ι,
1147 1452 1204 1530 5,
1251 1450 1327 1510 13
1374 1470 1467 1533 sq.
1582 1450 1767 1532 „lpse
1826 1451 2155 1532 procuravi
2221 1467 2302 1509 ne.
2360 1453 2623 1529 possent

350 1579 543 1625 saeva
587 1582 813 1628 nocere
858 1567 1119 1632 Somnia
1160 1573 1254 1633 ter
1300 1575 1516 1633 sancta
1561 1570 2005 1633 deveneranda
2036 1568 2263 1649 mola“,
2309 1576 2371 1629 et
2412 1565 2527 1647 111,
2559 1570 2622 1645 4,
2679 1595 2694 1604 ·

276 1731 282 1737 .
350 1681 387 1742 6
434 1700 570 1764 sqq.
623 1682 921 1763 „Somnia
964 1687 1173 1751 fallaci
1215 1691 1445 1753 ludunt
1481 1692 1813 1754 temeraria
1862 1693 2042 1752 nocte
2090 1737 2100 1749 .
2152 1735 2164 1747 .
2215 1737 2227 1748 .
2274 1687 2354 1749 Et
2397 1692 2618 1748 natum

285 1850 300 1873 .
348 1803 413 1863 in
476 1820 661 1864 curas
708 1803 1037 1869 hominum
1094 1827 1300 1891 genus
1355 1814 1568 1874 omina
1616 1812 1816 1873 noctis
1885 1809 2069 1871 Farre
2112 1810 2215 1891 pio
2262 1807 2515 1887 placant
2558 1810 2621 1868 et

352 1922 618 1984 saliente
663 1923 859 2005 sale“)
924 1947 1113 2010 quam
1147 1928 1404 1993 Graecis
1448 1931 1547 2009 (cf.
1599 1929 1858 2008 Becker,
1903 1927 2175 1991 Charikl.
2221 1926 2297 2007 1²,
2344 1928 2465 1988 242
2500 1928 2619 2008 sq.)

348 2043 549 2105 fuisse
578 2062 821 2106 morem
853 2049 1246 2111 somniorum
1275 2049 1486 2112 fatalia
1529 2047 1854 2112 sacrificiis
1904 2047 2253 2129 expiandi?
2299 2045 2419 2109 Pro
2454 2046 2622 2108 mola

350 2168 517 2230 salsa
570 2170 819 2231 Atticus
876 2174 1064 2251 poeta
1118 2169 1382 2232 fortasse
1442 2166 1698 2230 πέλανον
1743 2172 1841 2249 (ut
1895 2169 2191 2247 Aeschyl.
2249 2166 2420 2230 Pers.
2471 2169 2619 2247 209)

349 2306 465 2351 seu
492 2289 700 2351 simile
725 2290 968 2373 aliquid
990 2294 1307 2374 posuerat,
1333 2308 1479 2352 cum
1506 2288 1788 2372 Iuppiter
1811 2287 2208 2371 ProdigialiS,
2234 2289 2344 2371 qui
2374 2291 2622 2368 praeter

350 2409 519 2472 hunc
562 2410 736 2472 nullo
781 2409 920 2473 loco
952 2413 1500 2490 commemoratur,
1544 2409 1710 2472 haud
1742 2410 1938 2472 sciam
1972 2410 2117 2492 quis
2165 2409 2330 2470 alius
2372 2407 2620 2470 intelle-

346 2529 596 2611 gendus
641 2530 721 2591 sit
767 2531 890 2592 nisi
932 2524 1080 2603 Ζεὺς
1123 2521 1529 2616 ἀποτρόπαιος
1552 2531 1646 2611 **)
1686 2533 1792 2594 vel
1837 2520 2210 2602 ἀλεξίκακος.

518 2647 594 2710 In
631 2649 802 2711 hunc
841 2650 1099 2712 modum
1126 2651 1311 2713 credo
1342 2653 1531 2713 etiam
1563 2650 1731 2713 haud
1772 2669 1971 2733 pauca
1995 2649 2073 2712 ad
2098 2650 2339 2712 Atticas
2373 2648 2618 2712 fabulas

344 2770 625 2833 revocari
658 2787 850 2851 posse
889 2773 1080 2852 atque
1132 2769 1384 2850 debere,
1436 2790 1599 2853 quae
1659 2772 1862 2854 primo
1909 2768 2130 2832 obtutu
2185 2769 2377 2831 nimis
2428 2787 2619 2851 quam

346 2885 641 2951 Plautina
700 2889 1000 2952 videntur
1090 2893 1153 2953 et
1240 2889 1317 2954 ab
1394 2890 1844 2974 interpretibus
1929 2892 2435 2972 pronuntiantur.
2543 2888 2617 2951 In

345 3006 632 3072 Poenulo
698 3010 991 3091 quidem,
1064 3015 1134 3072 ut
1202 3010 1392 3072 huius
1467 3029 1723 3092 quoque
1787 3012 1881 3074 rei
1945 3010 2225 3093 insignia
2307 3010 2618 3093 quaedam

348 3127 658 3211 proferam
702 3129 1020 3211 exempla,
1076 3129 1230 3212 quid
1274 3131 1477 3212 magis
1524 3128 1883 3193 Plautinam
1925 3130 2333 3195 festivitatem
2379 3132 2619 3213 spirare

345 3248 616 3324 videtur,
665 3269 857 3332 quam
902 3250 1069 3333 quod
1100 3248 1216 3330 ΙΙΙ,
1250 3249 1309 3330 3,
1342 3250 1418 3311 31
1455 3270 1593 3333 sqq.
1651 3249 1820 3330 Lyco
1853 3251 2071 3313 lenoni
2117 3255 2297 3333 poeta
2336 3251 2618 3313 dicentes

345 3370 490 3432 facit
557 3368 928 3433 advocatos:
1010 3368 1236 3444 „Hwnc
1301 3368 1742 3454 chlamydatum
1786 3393 1960 3455 quem
2005 3371 2189 3445 vide-3,
2273 3370 2375 3432 Ei
2416 3369 2620 3431 Mars

343 3488 609 3549 iratast
787 3486 994 3549 Hunc
1024 3510 1225 3562 nuuc,
1260 3485 1466 3571 Lyce,
1519 3489 1613 3549 ad
1666 3498 1727 3550 tc
1766 3488 2267 3569 diripiendum
2307 3489 2618 3550 adduci-

343 3609 579 3669 musw?
624 3604 943 3670 Nimirum
970 3606 1081 3671 ille
1116 3606 1599 3691 „chlamydatus“
1634 3609 1744 3690 (sc.
1777 3607 2175 3689 Collybiscus
2205 3609 2481 3690 villicuS,
2507 3610 2620 3693 qui

345 3726 603 3788 simulat
640 3744 709 3789 se
752 3730 1164 3812 peregrinum
1205 3747 1349 3793 esse
1392 3733 1455 3792 et
1487 3730 1657 3811 apud
1687 3731 1984 3792 lenonem
2020 3748 2325 3812 quaerere
2372 3730 2618 3809 „locum

343 3845 614 3909 liberum
659 3850 722 3909 et
752 3849 1196 3933 voluptarium,
1243 3849 1352 3912 ubi
1389 3852 1576 3931 amet,
1622 3853 1810 3933 potet,
1840 3850 2344 3933 pergraecetur“,
2394 3849 2468 3910 cf.
2505 3846 2619 3928 ΙΙΙ,

482 4085 540 4151 *)
578 4085 942 4134 Helleborosus
990 4085 1151 4137 Most..
1187 4085 1306 4139 952.
1359 4084 1498 4139 Rud·
1545 4086 1694 4139 1006.
1747 4084 1816 4137 cf.
1867 4082 2058 4136 Pseud.
2094 4084 2243 4139 1185.
2320 4086 2459 4138 Men.
2501 4085 2619 4137 950.

242 4197 261 4205 ·
348 4171 696 4236 Lymphaticns
747 4168 913 4223 Poon.
952 4169 997 4233 I,
1040 4169 1089 4233 2,
1130 4172 1230 4224 135
1267 4187 1345 4239 sq.

480 4256 560 4322 **)
600 4255 716 4307 θεοὶ
752 4251 1073 4324 ἀποτρόπαιυι
1126 4257 1182 4310 in
1235 4257 1417 4311 eadem
1469 4274 1526 4310 re
1566 4257 1890 4311 invocantur
1926 4257 2174 4325 Aeschyl.
2214 4257 2247 4309 l.
2292 4273 2336 4310 c.
2375 4256 2618 4325 Xenoph.

342 4343 593 4414 Sympoe.
632 4346 683 4406 4,
722 4343 807 4396 33.
882 4343 1149 4413 Theophr.
1188 4344 1346 4399 Char.
1388 4344 1469 4397 16.
