3028 4990
1379 323 1633 386 ...30
1720 358 1804 371 ..-

454 506 516 567 in
572 528 754 567 cornu
810 506 1144 569 conclusum
1200 509 1401 590 yeris“
1423 508 1454 570 ‚P
1519 508 1766 593 Nempe
1819 510 1975 571 haec
2016 505 2359 591 μετωνυμία
2402 525 2437 567 e
2483 505 2754 568 Graeco

455 627 699 707 poetice
741 627 1044 709 loquendi
1100 647 1225 691 usu
1271 630 1466 709 petita
1509 633 1626 711 est,
1672 647 1797 711 quo
1836 625 2215 711 Ἥφαιστος,
2276 628 2348 687 ut
2393 618 2562 711 Ἄρης
2604 625 2751 695 Δη-

458 735 653 830 μήτηρ
718 736 962 829 Βάκχος
1011 736 1243 826 Ἅιδης,
1310 766 1420 829 pro
1472 767 1543 810 re
1599 749 1703 810 cui
1761 749 2046 829 praeerat
2104 744 2268 806 haud
2330 764 2470 808 raro
2537 763 2753 807 usur-

455 869 747 947 paretur,
792 865 865 926 cf.
914 864 1100 927 Hom.
1152 865 1219 928 11.
1267 865 1343 947 B,
1388 868 1533 929 426.
1596 866 1782 950 Soph.
1834 867 1982 928 Ant.
2017 864 2153 926 123.
2204 864 2385 927 1007.
2444 863 2741 944 Hesych.

457 1002 504 1045 s.
554 1005 612 1045 v.
640 984 711 1062 *).
802 983 1039 1047 Partim
1082 987 1206 1048 hue
1251 990 1492 1068 spectat
1522 986 1690 1069 quod
1736 984 1902 1048 Men.
1943 986 2063 1050 329
2112 982 2449 1063 Cylindrus
2479 1002 2747 1065 coquus

456 1105 740 1182 emptum
815 1105 1155 1184 opsonium
1226 1124 1541 1186 apponere
1598 1105 1737 1166 vult
1803 1102 1932 1177 „ad
2021 1101 2258 1163 Volcani
2322 1102 2740 1176 violentiam“,

455 1222 678 1302 partim
739 1221 813 1284 ad
860 1223 924 1284 id
988 1222 1154 1304 quod
1209 1222 1286 1285 de
1332 1243 1677 1306 coquorum
1722 1224 1969 1305 poetico
2013 1240 2247 1305 genere
2295 1221 2545 1285 dicendi
2587 1221 2742 1284 dixi

455 1359 515 1421 p.
565 1341 662 1402 28.
736 1379 807 1386 —
858 1341 992 1403 Nec
1035 1343 1250 1404 minus
1316 1343 1556 1405 Graeca
1600 1342 1816 1424 opinio
1884 1346 1980 1403 est
2026 1361 2216 1424 quam
2255 1337 2488 1424 profert
2533 1341 2610 1402 de
2655 1360 2742 1402 se

454 1460 595 1540 ipso
641 1459 1063 1523 Mercurius
1107 1463 1174 1523 in
1219 1462 1475 1544 prologo
1522 1462 2011 1544 Amphitruonis
2063 1460 2133 1522 11
2186 1479 2302 1542 sq,
2369 1458 2584 1535 „Nam
2627 1482 2744 1521 vos

456 1578 695 1661 quidem
757 1580 826 1640 id
884 1581 1008 1641 iam
1072 1581 1227 1642 scitis
1268 1602 1596 1642 concessum
1641 1592 1691 1642 et
1736 1581 1945 1642 datum
2012 1578 2112 1640 Mi
2154 1600 2269 1639 esse
2312 1580 2388 1640 ab
2429 1580 2522 1640 dis
2567 1578 2737 1652 aliia,

455 1699 676 1760 nuntiis
702 1700 975 1779 praesim
1017 1711 1069 1761 et
1112 1701 1339 1776 Zucro“,
1381 1705 1442 1762 et
1480 1702 1558 1763 de
1604 1701 1827 1764 eodem
1873 1701 1989 1763 deo
2021 1699 2354 1763 Pinacium
2385 1676 2572 1761 Stich.
2605 1698 2742 1759 274

457 1815 844 1891 „Mercurius
901 1820 1057 1880 Iovis
1110 1821 1215 1902 qui
1258 1821 1492 1881 nuntius
1522 1819 1871 1900 perhibetur
1884 1867 1901 1895 ,
1961 1842 2288 1903 numquam
2340 1840 2519 1901 aeque
2551 1818 2744 1898 patri

455 1936 579 1998 Suo
628 1938 899 1998 nuntium
943 1938 1208 2019 lepidum
1251 1939 1509 2000 attuliffl.
1571 1939 1736 2002 Nam
1782 1937 2071 2002 Roma-na
2112 1940 2334 2021 religio
2372 1939 2432 2000 ei
2478 1936 2735 1999 nullum

454 2056 650 2118 alium
699 2055 916 2120 tribuit
949 2078 1196 2121 *munus
1243 2060 1535 2121 divinum
1583 2060 1708 2121 nisi
1752 2063 2197 2140 mercatorum,
2244 2061 2311 2120 ut
2352 2056 2455 2120 vel
2489 2074 2732 2118 nomen
2815 2139 2819 2144 ᾗ

456 2175 791 2258 significat,
836 2177 1204 2240 custodiam.
1269 2178 1507 2260 Cetera,
1554 2199 1718 2261 quae
1748 2178 2052 2242 Horatius
2098 2181 2245 2241 noto
2290 2177 2397 2239 illo
2445 2177 2731 2239 carmine

455 2293 526 2376 (Ι,
572 2294 676 2378 10)
721 2295 994 2359 Mercuri
1039 2297 1311 2361 celebrat
1353 2318 1660 2380 munera,
1724 2300 1938 2361 omnia
1980 2320 2017 2361 a
2063 2297 2320 2361 Graecis
2357 2300 2576 2380 postea
2622 2317 2726 2359 ac-

457 2423 637 2495 cepta
679 2414 780 2497 (cf.
832 2414 1088 2498 Preller,
1134 2417 1330 2497 myth.
1376 2415 1561 2481 Rom.
1611 2416 1722 2500 11³,
1767 2418 1954 2500 232).

514 2614 515 2617 Ἴ
617 2533 711 2596 Ita
735 2536 1033 2599 concluso
1058 2538 1390 2600 duodecim
1417 2537 1702 2618 deorum,
1728 2539 1838 2619 qui
1869 2537 2127 2619 quidem
2149 2557 2185 2598 a
2208 2534 2432 2599 Plauto
2455 2555 2729 2598 comme-

457 2659 799 2736 morantur,
823 2657 1055 2719 circulo
1082 2657 1159 2719 ad
1189 2659 1373 2740 signa
1397 2659 1696 2722 caelestia
1721 2678 1838 2720 nos
1861 2659 2293 2720 convertimus
2319 2675 2482 2739 quae
2510 2655 2727 2718 divino

457 2776 724 2838 numine
768 2777 1047 2856 praedita
1084 2776 1451 2840 hominibus
1483 2779 1695 2841 lucem
1726 2781 1787 2839 et
1821 2776 2115 2840 tenebras
2144 2776 2305 2839 ferre
2336 2774 2413 2839 ab
2449 2776 2728 2858 antiquis

456 2893 874 2958 credebantur
897 2895 1162 2975 Solem,
1189 2896 1344 2960 Lun
1361 2919 1494 2980 am,
1520 2899 1931 2960 Arcturum
1963 2902 2025 2961 et
2049 2899 2160 2980 qui
2186 2916 2331 2959 cum
2355 2897 2486 2958 illis
2517 2898 2731 2979 proxi-

460 3034 596 3077 mas
630 3015 863 3079 habent
905 3019 1182 3081 rationes
1228 3017 1540 3080 Noctem
1587 3023 1649 3079 et
1693 3016 1929 3081 Diem.
2008 3015 2292 3091 Quorum
2322 3018 2586 3079 alterum
2620 3037 2732 3099 par

459 3134 569 3197 Sol
614 3139 676 3197 et
710 3135 893 3199 Luna
939 3139 1129 3200 etiam
1174 3140 1243 3199 in
1284 3137 1466 3200 Italia
1509 3137 1660 3200 inde
1707 3138 1783 3200 ab
1830 3138 2297 3219 antiquissimis
2341 3134 2733 3218 temporibus

460 3256 703 3318 cultum
749 3265 864 3338 est,
910 3256 1175 3319 alterum
1220 3256 1376 3319 Dies
1411 3261 1472 3320 et
1498 3256 1558 3319 N
1564 3277 1646 3319 ox
1679 3278 1716 3320 a
1743 3255 2051 3320 Romanis
2082 3256 2301 3318 divino
2332 3256 2569 3318 honore
2603 3275 2731 3318 non

457 3374 860 3457 celebratum,
889 3377 957 3438 in
985 3375 1222 3438 Graeca
1248 3381 1493 3440 tantum
1524 3396 1652 3439 non
1679 3379 1964 3439 omnium
1991 3380 2266 3439 aetatum
2290 3377 2469 3457 poesi
2494 3394 2733 3457 nequa-

459 3515 649 3578 quam
679 3495 1009 3557 insolitum
1045 3500 1154 3558 aut
1183 3496 1545 3560 obscurum.
1612 3496 1834 3579 ltaque
1867 3516 1948 3558 ex
1986 3496 2223 3559 Graeco
2246 3496 2416 3559 fonte
2441 3498 2579 3559 sine
2606 3496 2732 3558 ulla

458 3615 847 3678 dubitatione
888 3617 1100 3679 hausti
1146 3622 1296 3679 sunt
1341 3617 1565 3681 Bacch.
1599 3619 1722 3679 255
1756 3637 1846 3700 sq.
1941 3664 1980 3692 „
2009 3616 2309 3691 Volcanus,
2354 3614 2558 3690 Luna,
2606 3615 2731 3690 Sol,

458 3735 630 3811 Dies,
678 3736 745 3797 di
786 3747 1082 3819 quattuor,
1126 3737 1506 3799 scelestiorem
1555 3738 1782 3799 nullum
1825 3737 2114 3798 illzeoeere“
2162 3740 2223 3799 et
2266 3736 2454 3799 Mero.
2508 3737 2544 3798 3
2591 3755 2727 3819 sqq.

459 3853 649 3930 „Non
694 3877 794 3937 ⁶³90
838 3857 974 3918 item
1005 3858 1198 3941 facio,
1248 3869 1309 3918 ut
1351 3858 1500 3920 alios
1545 3860 1604 3920 in
1641 3857 1951 3919 comoediis
2016 3855 2154 3917 Vidi
2202 3866 2498 3917 amatores
2535 3857 2734 3931 facere

459 3975 562 4058 qui
625 3986 728 4035 aut
787 3973 964 4037 Nocti
1024 3988 1127 4037 aut
1185 3976 1308 4038 Die
1365 3978 1490 4039 Aut
1544 3978 1675 4040 Soli
1729 3986 1832 4037 aut
1890 3973 2107 4037 Lunae
2164 3976 2432 4037 miserias
2491 3986 2734 4037 narrem

596 4268 648 4333 ³¹³)
684 4268 804 4321 Huc
853 4268 1090 4321 conferre
1140 4286 1419 4335 possumus
1470 4270 1635 4323 etiam
1686 4270 1856 4323 Stich.
1907 4270 2004 4322 661
2045 4286 2189 4338 sqq,
2247 4268 2337 4321 ubi
2394 4285 2573 4322 servus
2623 4269 2733 4321 vini

459 4354 648 4407 cadum
692 4357 912 4423 poltalls
946 4355 1185 4407 iocatur:
1225 4357 1396 4416 „Fero
1434 4357 1687 4406 convt‘vam
1725 4357 2051 4406 De‘onusum“.
