3028 4990
1343 298 1752 362 -67...

413 481 692 563 templis,
732 481 967 564 quibus
1012 485 1271 546 senatus
1318 485 1609 547 consulto
1655 483 2031 548 deferretur:
2092 484 2468 566 „Crescebat
2511 486 2684 549 enim

416 600 688 664 Graecas
739 621 855 684 per
914 601 1105 665 urbes
1158 603 1415 666 licentia
1469 606 1660 686 atque
1711 606 2061 688 impunitas
2106 605 2282 687 asyla
2326 606 2681 684 statuendi3

411 720 893 802 complebantur
929 722 1163 804 templa
1203 721 1503 804 pessimis
1550 724 2009 791 servitiorum.“
2100 723 2374 787 Romani
2419 725 2546 806 ipsi
2589 726 2683 787 rei

407 840 701 923 publicae
765 841 1025 923 quidem
1085 840 1477 924 temporibus
1558 878 1626 887 —
1698 862 1848 906 nam
1904 844 2076 928 quod
2128 847 2314 907 antea
2364 841 2681 906 Romulus

408 960 636 1024 dieitur
690 960 943 1041 asylum
999 962 1330 1043 aperuisse
1384 963 1551 1024 inter
1610 962 1771 1025 duos
1833 963 2013 1026 lucos
2077 961 2241 1043 (Liv.
2283 961 2334 1044 Ι,
2378 965 2439 1044 8,
2485 963 2571 1045 5),
2617 964 2682 1026 id

412 1080 565 1144 nihil
625 1080 796 1143 aliud
859 1079 1178 1163 significat
1234 1082 1362 1143 nisi
1416 1083 1486 1143 in
1543 1080 1771 1143 urbem
1826 1081 1904 1144 ab
1951 1101 2027 1145 eo
2072 1082 2389 1145 conditam
2432 1080 2681 1144 turbam

414 1219 603 1264 omne
648 1219 856 1283 genus
901 1200 1235 1263 hominum
1281 1199 1679 1263 confluxisse
1711 1237 1791 1247 —-
1825 1221 2029 1264 unum
2068 1200 2387 1264 habebant
2430 1200 2679 1281 asylum

409 1320 664 1403 publice
712 1322 1048 1402 sancitum,
1095 1321 1266 1402 quod
1310 1322 1374 1382 in
1426 1320 1661 1404 templo
1708 1321 1840 1383 divi
1884 1319 2035 1384 Iulii
2080 1321 2397 1384 triumviri
2443 1320 2678 1383 Graeco

408 1441 703 1504 videlicet
760 1441 1054 1523 exemplo
1118 1441 1541 1502 instituerant.
1635 1438 1755 1503 Sed
1818 1441 1935 1503 hoo
1979 1439 2174 1506 verbo
2236 1441 2441 1523 magis
2488 1459 2681 1522 quam

407 1581 475 1624 re
519 1559 877 1643 perfugium
925 1562 1078 1641 erat,
1128 1559 1201 1621 ef.
1251 1558 1421 1621 Cass.
1472 1557 1661 1622 Dion.
1709 1560 1814 1641 47,
1864 1559 1961 1642 19,
2007 1562 2045 1621 2
2104 1549 2555 1645 ,,ἀπηγόρευσαν
2609 1551 2680 1621 δὲ

408 1673 633 1766 μηδένα
672 1680 730 1753 ἐς
769 1673 842 1741 τὸ
881 1673 1080 1764 ἡρῷον,
1099 1676 1286 1740 αὐτοῦ
1310 1669 1746 1763 καταφυγόντα
1779 1676 1863 1740 ἐπ’
1898 1671 2071 1760 ἀδείᾳ
2103 1671 2258 1765 μήτε
2293 1670 2679 1765 ἀνδρηλατεῖ-

406 1807 555 1864 σθαι
585 1791 739 1885 μήτε
785 1802 1107 1880 συλᾶσθαι,
1152 1796 1294 1884 ὅπερ
1337 1790 1530 1862 οὐδενὶ
1559 1790 1700 1860 οὐδὲ
1728 1803 1862 1860 τῶν
1878 1803 2059 1877 θεῶν,
2106 1795 2262 1869 πλὴν
2289 1804 2416 1861 τῶν
2446 1801 2540 1863 ἐπὶ
2566 1806 2677 1863 τοῦ

390 1910 713 2005 Ῥωμύλου
777 1917 1127 2004 γενομένων,
1189 1909 1585 1980 ἐδεδώκεσαν·
1645 1917 1844 1980 καίτοι
1904 1919 2006 1980 καὶ
2068 1919 2253 1981 ἐκεῖνο
2320 1913 2394 1981 τὸ
2460 1920 2678 2005 χωρίον

398 2030 649 2125 ὀνόματι
705 2033 817 2109 τὴν
871 2034 1133 2116 ἀσυλίαν,
1197 2031 1356 2121 μετὰ
1413 2031 1527 2106 τὴν
1583 2042 1710 2099 τῶν
1767 2029 1994 2124 ἀνδρῶν
2037 2032 2323 2124 ἄθροισιν,
2385 2032 2521 2101 ἄνευ
2566 2044 2677 2102 τοῦ

399 2163 570 2246 ἔργου
625 2156 826 2221 αὐτοῦ’
875 2161 1063 2241 ἔσχεν·
1127 2153 1288 2218 οὕτω
1350 2150 1463 2242 γὰρ
1525 2148 1938 2242 περιεφράχθη
1984 2155 2146 2220 ὥστε
2196 2150 2425 2242 μηδένα
2469 2161 2560 2220 ἔτι
2602 2153 2676 2220 τὸ

399 2269 674 2365 παράπαν
739 2278 1008 2341 ἐσελθεῖν
1074 2279 1134 2351 ἐς
1203 2272 1353 2339 αὐτὸ
1422 2269 1809 2347 δυνηθῆναι.“
1896 2277 2038 2341 Hoc
2105 2280 2359 2359 asylum
2423 2280 2677 2344 videtur

395 2401 758 2488 respexisse
805 2398 1072 2462 Ovidius
1119 2398 1301 2462 Trist.
1349 2397 1424 2480 V,
1471 2398 1531 2479 2,
1577 2399 1659 2459 43
1692 2416 1785 2480 sq.
1880 2397 2200 2478 „Viden-it!
2240 2401 2382 2481 ipse
2409 2419 2673 2481 sacram,

400 2520 694 2603 quamvis
748 2520 1037 2602 invisuS,
1101 2520 1177 2583 acl
1224 2539 1397 2583 aram
1445 2517 1854 2601 Confugiam:
1904 2519 2114 2582 nullas
2161 2523 2523 2583 summovet
2568 2541 2675 2583 ara

399 2640 689 2705 manus.“
804 2637 986 2714 Quod
1066 2642 1277 2702 autem
1350 2639 1570 2702 Cicero
1658 2638 1985 2703 nonnullis
2057 2640 2214 2702 locis
2287 2644 2421 2722 (pro
2488 2638 2672 2706 Rosa

396 2780 555 2824 eom.
608 2760 707 2840 ll,
759 2759 872 2838 303
939 2762 1080 2841 post
1122 2757 1249 2819 red.
1293 2760 1364 2821 in
1411 2761 1613 2821 senat.
1664 2759 1721 2838 5,
1770 2760 1882 2836 11;
1932 2757 2010 2826 II.
2060 2759 2234 2824 Verr.
2284 2759 2371 2840 ΙΙ,
2419 2763 2478 2843 3,
2523 2764 2573 2824 8.
2608 2767 2670 2826 et

400 2878 479 2959 V,
532 2880 635 2958 48,
701 2877 844 2957 126)
908 2896 1046 2941 aras
1105 2880 1430 2959 tamquam
1484 2876 1851 2959 perfugium
1896 2897 1969 2940 ac
2012 2880 2401 2961 praesidium
2447 2881 2670 2944 salutis

397 3002 867 3079 commemorat,
929 2998 1046 3059 hoo
1100 2997 1498 3085 solummodo
1547 2998 1858 3060 rhetorica
1913 2996 2119 3079 figura
2159 3005 2256 3061 est
2300 3019 2384 3063 ex
2432 3000 2669 3065 Graeco

395 3137 522 3182 usu
565 3119 898 3181 notissimo
939 3118 1222 3198 repetita.
1313 3114 1722 3179 Manifestum
1766 3118 1960 3199 igitur
2003 3122 2101 3180 est
2148 3138 2372 3183 omnes
2435 3123 2547 3203 qui
2599 3122 2669 3183 in

330 3294 335 3301 .
394 3237 627 3301 fabulis
671 3235 985 3301 Plautinis
1027 3236 1107 3299 ad
1151 3237 1473 3316 asylorum
1511 3238 1615 3298 ius
1657 3240 1942 3319 spectant
1971 3237 2164 3318 10008,
2211 3241 2281 3300 ut
2321 3242 2667 3304 maximam

394 3362 638 3441 partem
680 3355 1015 3438 RudentiS,
1070 3376 1149 3420 ex
1202 3356 1458 3420 Graecis
1514 3356 1831 3439 exemplis
1890 3361 2174 3441 sumptos
2231 3376 2392 3421 esse.
2486 3359 2670 3424 Unde

393 3480 675 3561 apparet,
708 3496 902 3559 quam
930 3480 1168 3540 temere
1199 3477 1643 3561 Visseringius
1676 3476 1933 3554 Quaest.
1963 3475 2164 3541 Plaut.
2199 3477 2284 3559 H,
2322 3497 2383 3561 p.
2410 3481 2494 3542 48
2529 3500 2664 3564 sqq.

396 3599 684 3661 statuerit
727 3594 893 3663 Rud.
927 3597 1043 3660 641
1081 3617 1217 3680 sqq.
1280 3593 1605 3679 „Mulieres
1654 3596 1839 3660 Duae
1894 3598 2218 3660 innocentes
2269 3597 2362 3660 hio
2411 3610 2546 3662 sunt
2570 3650 2583 3662 .
2612 3649 2627 3663 .
2653 3649 2668 3663 .

396 3716 622 3795 meew
704 3716 1025 3778 advorsum
1113 3716 1205 3777 ius
1287 3716 1548 3799 leyesque
1632 3715 1726 3778 ln‘o
1805 3716 2073 3797 imiynite
2138 3716 2364 3779 iniuria
2423 3719 2670 3784 Factast

379 3837 578 3920 fitque
617 3837 681 3899 in
727 3834 959 3901 Veneris
987 3835 1192 3919 fan0“
1240 3839 1301 3896 et
1355 3836 1475 3897 723
1524 3854 1617 3920 sq.
1665 3834 1865 3917 „Mihi
1890 3857 2006 3897 non
2037 3834 2205 3898 liceat
2232 3858 2395 3899 meas
2423 3840 2671 3903 ancillas

415 3955 648 4019 Veneris
715 3956 787 4018 de
846 3978 961 4016 ara
1024 3954 1361 4017 abducere?
1423 3993 1492 4000 -—-
1544 3953 1691 4017 Non
1754 3955 1909 4017 licet:
1977 3954 2114 4016 itast
2166 3955 2260 4018 lea:
2317 3969 2467 4039 aput
2523 3961 2664 4022 ποθιι

395 4075 719 4139 Romanas
768 4076 1079 4158 quasdam
1124 4076 1201 4139 de
1249 4077 1426 4156 asylo
1466 4077 1646 4160 leges
1686 4076 2187 4140 commemorari.
