<?xml version="1.0" encoding="UTF-8"?>
<!DOCTYPE html PUBLIC "-//W3C//DTD XHTML 1.0 Transitional//EN"
    "http://www.w3.org/TR/xhtml1/DTD/xhtml1-transitional.dtd">
<html xmlns="http://www.w3.org/1999/xhtml" xml:lang="en" lang="en">
 <head>
  <title>
</title>
<meta http-equiv="Content-Type" content="text/html;charset=utf-8" />
  <meta name='ocr-system' content='tesseract 3.04.00' />
  <meta name='ocr-capabilities' content='ocr_page ocr_carea ocr_par ocr_line ocrx_word'/>
</head>
<body>
  <div class='ocr_page' id='page_1' title='image "./quomodoplautusa00schugoog_0059.png"; bbox 0 0 3028 4990; ppageno 0'>
   <div class='ocr_carea' id='block_1_1' title="bbox 40 2207 73 4205">
    <p class='ocr_par' dir='ltr' id='par_1_1' title="bbox 40 2207 73 4205">
     <span class='ocr_line' id='line_1_1' title="bbox 40 2207 73 4205; baseline 0 0"><span class='ocrx_word' id='word_1_1' title='bbox 40 2207 73 4205; x_wconf 95' lang='lat' dir='ltr'> </span> 
     </span>
    </p>
   </div>
   <div class='ocr_carea' id='block_1_2' title="bbox 39 2207 74 4415">
    <p class='ocr_par' dir='ltr' id='par_1_2' title="bbox 39 2207 74 4415">
     <span class='ocr_line' id='line_1_2' title="bbox 39 2207 74 4415; baseline 0 0"><span class='ocrx_word' id='word_1_2' title='bbox 39 2207 74 4415; x_wconf 95' lang='lat' dir='ltr'> </span> 
     </span>
    </p>
   </div>
   <div class='ocr_carea' id='block_1_3' title="bbox 1216 313 1638 373">
    <p class='ocr_par' dir='ltr' id='par_1_3' title="bbox 1216 313 1638 373">
     <span class='ocr_line' id='line_1_3' title="bbox 1216 313 1638 373; baseline 0.005 -14"><span class='ocrx_word' id='word_1_3' title='bbox 1216 313 1638 373; x_wconf 77' lang='lat'>...51—</span> 
     </span>
    </p>
   </div>
   <div class='ocr_carea' id='block_1_4' title="bbox 247 492 2623 4503">
    <p class='ocr_par' dir='ltr' id='par_1_4' title="bbox 247 492 2623 3923">
     <span class='ocr_line' id='line_1_4' title="bbox 247 492 2555 577; baseline -0 -22"><span class='ocrx_word' id='word_1_4' title='bbox 247 493 431 557; x_wconf 84' lang='lat' dir='ltr'>Oist.</span> <span class='ocrx_word' id='word_1_5' title='bbox 482 492 599 577; x_wconf 83' lang='lat' dir='ltr'>III,</span> <span class='ocrx_word' id='word_1_6' title='bbox 652 496 725 558; x_wconf 88' lang='lat'>13</span> <span class='ocrx_word' id='word_1_7' title='bbox 776 496 874 569; x_wconf 86' lang='lat' dir='ltr'>„O</span> <span class='ocrx_word' id='word_1_8' title='bbox 918 496 1123 558; x_wconf 76' lang='lat' dir='ltr'>Salute</span> <span class='ocrx_word' id='word_1_9' title='bbox 1166 519 1297 558; x_wconf 84' lang='lat' dir='ltr'>mea</span> <span class='ocrx_word' id='word_1_10' title='bbox 1344 498 1523 559; x_wconf 76' lang='lat' dir='ltr'>Salus</span> <span class='ocrx_word' id='word_1_11' title='bbox 1566 498 1928 559; x_wconf 76' lang='lat' dir='ltr'>salubrior.“</span> <span class='ocrx_word' id='word_1_12' title='bbox 2021 495 2249 559; x_wconf 81' lang='lat' dir='ltr'>Bacch.</span> <span class='ocrx_word' id='word_1_13' title='bbox 2290 495 2413 558; x_wconf 84' lang='lat'>879</span> <span class='ocrx_word' id='word_1_14' title='bbox 2462 513 2555 576; x_wconf 89' lang='lat' dir='ltr'>sq.</span> 
     </span>
     <span class='ocr_line' id='line_1_5' title="bbox 250 612 2562 698; baseline 0 -25"><span class='ocrx_word' id='word_1_15' title='bbox 250 659 299 687; x_wconf 90' lang='lat'>,‚</span> <span class='ocrx_word' id='word_1_16' title='bbox 330 612 476 673; x_wconf 71' lang='lat' dir='ltr'>Vale,</span> <span class='ocrx_word' id='word_1_17' title='bbox 539 613 738 688; x_wconf 68' lang='grc' dir='ltr'>δαίιιε,</span> <span class='ocrx_word' id='word_1_18' title='bbox 808 613 911 675; x_wconf 85' lang='lat' dir='ltr'><em>Me</em></span> <span class='ocrx_word' id='word_1_19' title='bbox 974 616 1281 676; x_wconf 70' lang='lat' dir='ltr'>servasti.“</span> <span class='ocrx_word' id='word_1_20' title='bbox 1372 615 1519 678; x_wconf 83' lang='lat' dir='ltr'>cist.</span> <span class='ocrx_word' id='word_1_21' title='bbox 1587 615 1701 698; x_wconf 80' lang='lat' dir='ltr'>IV,</span> <span class='ocrx_word' id='word_1_22' title='bbox 1759 617 1813 696; x_wconf 86' lang='lat'>1,</span> <span class='ocrx_word' id='word_1_23' title='bbox 1882 617 1960 678; x_wconf 83' lang='lat'>18</span> <span class='ocrx_word' id='word_1_24' title='bbox 2032 616 2160 689; x_wconf 78' lang='lat' dir='ltr'>„At</span> <span class='ocrx_word' id='word_1_25' title='bbox 2226 636 2326 675; x_wconf 78' lang='lat' dir='ltr'>vos</span> <span class='ocrx_word' id='word_1_26' title='bbox 2381 612 2562 675; x_wconf 80' lang='lat' dir='ltr'>Salus</span> 
     </span>
     <span class='ocr_line' id='line_1_6' title="bbox 247 732 2560 817; baseline -0 -24"><span class='ocrx_word' id='word_1_27' title='bbox 247 733 635 798; x_wconf 59' lang='lat' dir='ltr'>servassitff</span> <span class='ocrx_word' id='word_1_28' title='bbox 709 732 877 816; x_wconf 82' lang='lat' dir='ltr'>Capt.</span> <span class='ocrx_word' id='word_1_29' title='bbox 929 736 1050 796; x_wconf 83' lang='lat'>529</span> <span class='ocrx_word' id='word_1_30' title='bbox 1110 732 1366 817; x_wconf 80' lang='lat' dir='ltr'><em>„Neque</em></span> <span class='ocrx_word' id='word_1_31' title='bbox 1408 735 1589 796; x_wconf 81' lang='lat' dir='ltr'>Salus</span> <span class='ocrx_word' id='word_1_32' title='bbox 1631 756 1868 796; x_wconf 80' lang='lat' dir='ltr'>servare</span> <span class='ocrx_word' id='word_1_33' title='bbox 1926 735 1979 796; x_wconf 76' lang='lat' dir='ltr'>si</span> <span class='ocrx_word' id='word_1_34' title='bbox 2016 734 2133 796; x_wconf 78' lang='lat' dir='ltr'>volt</span> <span class='ocrx_word' id='word_1_35' title='bbox 2175 756 2267 795; x_wconf 80' lang='lat' dir='ltr'>me</span> <span class='ocrx_word' id='word_1_36' title='bbox 2298 739 2560 813; x_wconf 76' lang='lat' dir='ltr'>potest.“</span> 
     </span>
     <span class='ocr_line' id='line_1_7' title="bbox 248 848 2558 933; baseline 0 -21"><span class='ocrx_word' id='word_1_37' title='bbox 248 850 467 913; x_wconf 83' lang='lat' dir='ltr'><strong>Most.</strong></span> <span class='ocrx_word' id='word_1_38' title='bbox 529 851 647 911; x_wconf 88' lang='grc'>337</span> <span class='ocrx_word' id='word_1_39' title='bbox 707 848 855 924; x_wconf 88' lang='lat' dir='ltr'><em>„Ne</em></span> <span class='ocrx_word' id='word_1_40' title='bbox 914 851 1093 912; x_wconf 78' lang='lat' dir='ltr'>Salus</span> <span class='ocrx_word' id='word_1_41' title='bbox 1154 852 1313 913; x_wconf 73' lang='lat' dir='ltr'>vobis</span> <span class='ocrx_word' id='word_1_42' title='bbox 1366 851 1546 912; x_wconf 75' lang='lat' dir='ltr'>saluti</span> <span class='ocrx_word' id='word_1_43' title='bbox 1605 853 1729 912; x_wconf 80' lang='lat' dir='ltr'>iam</span> <span class='ocrx_word' id='word_1_44' title='bbox 1785 873 1901 914; x_wconf 77' lang='lat' dir='ltr'><em>esse</em></span> <span class='ocrx_word' id='word_1_45' title='bbox 1956 853 2009 912; x_wconf 79' lang='lat' dir='ltr'>si</span> <span class='ocrx_word' id='word_1_46' title='bbox 2049 852 2252 931; x_wconf 75' lang='lat' dir='ltr'>cupiat</span> <span class='ocrx_word' id='word_1_47' title='bbox 2297 859 2558 933; x_wconf 59' lang='lat' dir='ltr'>potestf‘</span> 
     </span>
     <span class='ocr_line' id='line_1_8' title="bbox 252 965 2562 1052; baseline -0.001 -20"><span class='ocrx_word' id='word_1_48' title='bbox 252 970 603 1051; x_wconf 87' lang='lat' dir='ltr'>(Imitatus</span> <span class='ocrx_word' id='word_1_49' title='bbox 649 970 745 1029; x_wconf 88' lang='lat' dir='ltr'>est</span> <span class='ocrx_word' id='word_1_50' title='bbox 788 965 1122 1030; x_wconf 77' lang='lat' dir='ltr'><strong>Terentius</strong></span> <span class='ocrx_word' id='word_1_51' title='bbox 1169 969 1432 1052; x_wconf 83' lang='lat' dir='ltr'>Adelph.</span> <span class='ocrx_word' id='word_1_52' title='bbox 1486 968 1598 1049; x_wconf 90' lang='lat' dir='ltr'>IV,</span> <span class='ocrx_word' id='word_1_53' title='bbox 1646 970 1703 1048; x_wconf 85' lang='lat'>7,</span> <span class='ocrx_word' id='word_1_54' title='bbox 1745 971 1827 1031; x_wconf 85' lang='lat'>43</span> <span class='ocrx_word' id='word_1_55' title='bbox 1875 989 1967 1052; x_wconf 89' lang='lat' dir='ltr'>sq.</span> <span class='ocrx_word' id='word_1_56' title='bbox 2022 971 2198 1052; x_wconf 82' lang='lat' dir='ltr'>„ipsa</span> <span class='ocrx_word' id='word_1_57' title='bbox 2255 970 2310 1031; x_wconf 90' lang='lat' dir='ltr'>si</span> <span class='ocrx_word' id='word_1_58' title='bbox 2345 971 2562 1051; x_wconf 88' lang='lat' dir='ltr'>cupiat</span> 
     </span>
     <span class='ocr_line' id='line_1_9' title="bbox 253 1088 2557 1171; baseline -0.001 -18"><span class='ocrx_word' id='word_1_59' title='bbox 253 1089 470 1153; x_wconf 83' lang='lat' dir='ltr'>Salus</span> <span class='ocrx_word' id='word_1_60' title='bbox 517 1088 781 1152; x_wconf 87' lang='lat' dir='ltr'>Servare</span> <span class='ocrx_word' id='word_1_61' title='bbox 821 1106 1080 1171; x_wconf 89' lang='lat' dir='ltr'>prorsus</span> <span class='ocrx_word' id='word_1_62' title='bbox 1127 1108 1254 1152; x_wconf 90' lang='lat' dir='ltr'>non</span> <span class='ocrx_word' id='word_1_63' title='bbox 1303 1092 1512 1170; x_wconf 88' lang='lat' dir='ltr'>potest</span> <span class='ocrx_word' id='word_1_64' title='bbox 1558 1090 1719 1151; x_wconf 83' lang='lat' dir='ltr'>hanc</span> <span class='ocrx_word' id='word_1_65' title='bbox 1764 1089 2155 1171; x_wconf 84' lang='lat' dir='ltr'>familiam.“)</span> <span class='ocrx_word' id='word_1_66' title='bbox 2244 1088 2377 1152; x_wconf 89' lang='lat' dir='ltr'>Nec</span> <span class='ocrx_word' id='word_1_67' title='bbox 2428 1109 2557 1152; x_wconf 89' lang='lat' dir='ltr'>non</span> 
     </span>
     <span class='ocr_line' id='line_1_10' title="bbox 253 1208 2555 1273; baseline -0.002 1"><span class='ocrx_word' id='word_1_68' title='bbox 253 1211 549 1273; x_wconf 78' lang='lat' dir='ltr'>recurrit</span> <span class='ocrx_word' id='word_1_69' title='bbox 590 1209 759 1271; x_wconf 91' lang='lat' dir='ltr'>idem</span> <span class='ocrx_word' id='word_1_70' title='bbox 803 1209 1059 1271; x_wconf 88' lang='lat' dir='ltr'>schema</span> <span class='ocrx_word' id='word_1_71' title='bbox 1104 1211 1167 1270; x_wconf 91' lang='lat' dir='ltr'>in</span> <span class='ocrx_word' id='word_1_72' title='bbox 1203 1210 1344 1271; x_wconf 87' lang='lat' dir='ltr'>aliis</span> <span class='ocrx_word' id='word_1_73' title='bbox 1376 1210 1640 1271; x_wconf 88' lang='lat' dir='ltr'>dearum</span> <span class='ocrx_word' id='word_1_74' title='bbox 1674 1208 2042 1271; x_wconf 88' lang='lat' dir='ltr'>nominibus</span> <span class='ocrx_word' id='word_1_75' title='bbox 2079 1208 2366 1271; x_wconf 82' lang='lat' dir='ltr'>ficticiis:</span> <span class='ocrx_word' id='word_1_76' title='bbox 2420 1208 2555 1272; x_wconf 78' lang='lat' dir='ltr'>Cas,</span> 
     </span>
     <span class='ocr_line' id='line_1_11' title="bbox 258 1328 2561 1411; baseline 0 -19"><span class='ocrx_word' id='word_1_77' title='bbox 258 1329 363 1411; x_wconf 87' lang='grc' dir='ltr'>Π,</span> <span class='ocrx_word' id='word_1_78' title='bbox 392 1331 449 1391; x_wconf 85' lang='grc'>3.</span> <span class='ocrx_word' id='word_1_79' title='bbox 485 1331 520 1392; x_wconf 86' lang='grc'>9</span> <span class='ocrx_word' id='word_1_80' title='bbox 565 1329 799 1409; x_wconf 74' lang='lat' dir='ltr'>„mayz&#39;s</span> <span class='ocrx_word' id='word_1_81' title='bbox 828 1329 1008 1391; x_wconf 69' lang='lat' dir='ltr'>initiis</span> <span class='ocrx_word' id='word_1_82' title='bbox 1040 1329 1343 1389; x_wconf 71' lang='lat' dir='ltr'>munditiis</span> <span class='ocrx_word' id='word_1_83' title='bbox 1368 1328 1451 1388; x_wconf 84' lang='lat' dir='ltr'><em>M</em></span> <span class='ocrx_word' id='word_1_84' title='bbox 1452 1352 1492 1388; x_wconf 89' lang='lat' dir='ltr'><em>u</em></span> <span class='ocrx_word' id='word_1_85' title='bbox 1506 1329 1844 1390; x_wconf 64' lang='lat' dir='ltr'>reditium</span> <span class='ocrx_word' id='word_1_86' title='bbox 1882 1329 2184 1389; x_wconf 74' lang='lat' dir='ltr'>antideo.“</span> <span class='ocrx_word' id='word_1_87' title='bbox 2227 1330 2409 1391; x_wconf 82' lang='lat' dir='ltr'>Asin.</span> <span class='ocrx_word' id='word_1_88' title='bbox 2439 1331 2561 1392; x_wconf 83' lang='grc'>268</span> 
     </span>
     <span class='ocr_line' id='line_1_12' title="bbox 258 1447 2562 1531; baseline -0 -21"><span class='ocrx_word' id='word_1_89' title='bbox 258 1471 429 1531; x_wconf 84' lang='lat' dir='ltr'><em>„e90</em></span> <span class='ocrx_word' id='word_1_90' title='bbox 482 1447 614 1510; x_wconf 80' lang='lat' dir='ltr'>illos</span> <span class='ocrx_word' id='word_1_91' title='bbox 672 1447 1018 1510; x_wconf 76' lang='lat' dir='ltr'><em>lubentiores</em></span> <span class='ocrx_word' id='word_1_92' title='bbox 1061 1449 1301 1531; x_wconf 78' lang='lat' dir='ltr'>faciam</span> <span class='ocrx_word' id='word_1_93' title='bbox 1341 1470 1524 1530; x_wconf 84' lang='lat' dir='ltr'>quam</span> <span class='ocrx_word' id='word_1_94' title='bbox 1570 1447 1690 1509; x_wconf 84' lang='lat' dir='ltr'>Lu</span> <span class='ocrx_word' id='word_1_95' title='bbox 1710 1450 2120 1510; x_wconf 72' lang='lat' dir='ltr'>I›entc‘ast.“</span> <span class='ocrx_word' id='word_1_96' title='bbox 2207 1448 2402 1512; x_wconf 86' lang='lat' dir='ltr'>Poen.</span> <span class='ocrx_word' id='word_1_97' title='bbox 2454 1448 2562 1530; x_wconf 81' lang='lat' dir='ltr'>IV,</span> 
     </span>
     <span class='ocr_line' id='line_1_13' title="bbox 261 1566 2560 1650; baseline -0.001 -19"><span class='ocrx_word' id='word_1_98' title='bbox 261 1571 335 1649; x_wconf 82' lang='lat'>2,</span> <span class='ocrx_word' id='word_1_99' title='bbox 388 1570 472 1630; x_wconf 83' lang='lat'>24</span> <span class='ocrx_word' id='word_1_100' title='bbox 518 1566 686 1644; x_wconf 76' lang='lat' dir='ltr'>„Qui</span> <span class='ocrx_word' id='word_1_101' title='bbox 726 1568 891 1648; x_wconf 74' lang='lat' dir='ltr'>ipsus</span> <span class='ocrx_word' id='word_1_102' title='bbox 932 1567 1119 1628; x_wconf 77' lang='lat' dir='ltr'><em>hercle</em></span> <span class='ocrx_word' id='word_1_103' title='bbox 1156 1568 1538 1647; x_wconf 64' lang='lat' dir='ltr'>iynwiorem&gt;</span> <span class='ocrx_word' id='word_1_104' title='bbox 1554 1569 1721 1647; x_wconf 72' lang='lat' dir='ltr'>potis</span> <span class='ocrx_word' id='word_1_105' title='bbox 1750 1579 1829 1629; x_wconf 76' lang='lat' dir='ltr'>est</span> <span class='ocrx_word' id='word_1_106' title='bbox 1859 1568 2070 1650; x_wconf 77' lang='lat' dir='ltr'>facere</span> <span class='ocrx_word' id='word_1_107' title='bbox 2096 1568 2144 1628; x_wconf 92' lang='lat' dir='ltr'><em>I</em></span> <span class='ocrx_word' id='word_1_108' title='bbox 2142 1569 2560 1649; x_wconf 71' lang='lat' dir='ltr'>quavz&#39;am.“</span> 
     </span>
     <span class='ocr_line' id='line_1_14' title="bbox 262 1685 2566 1769; baseline -0.001 -18"><span class='ocrx_word' id='word_1_109' title='bbox 262 1686 510 1751; x_wconf 82' lang='lat' dir='ltr'><em>Pseud.</em></span> <span class='ocrx_word' id='word_1_110' title='bbox 579 1687 700 1750; x_wconf 88' lang='grc'>669</span> <span class='ocrx_word' id='word_1_111' title='bbox 779 1685 1106 1769; x_wconf 81' lang='lat' dir='ltr'><em>„Namque</em></span> <span class='ocrx_word' id='word_1_112' title='bbox 1188 1688 1322 1767; x_wconf 78' lang='lat' dir='ltr'>ipsa</span> <span class='ocrx_word' id='word_1_113' title='bbox 1384 1688 1966 1768; x_wconf 76' lang='lat' dir='ltr'><em>Opportunitas</em></span> <span class='ocrx_word' id='word_1_114' title='bbox 2030 1711 2147 1749; x_wconf 76' lang='lat' dir='ltr'>nou</span> <span class='ocrx_word' id='word_1_115' title='bbox 2214 1689 2409 1769; x_wconf 75' lang='lat' dir='ltr'>potuit</span> <span class='ocrx_word' id='word_1_116' title='bbox 2478 1688 2566 1748; x_wconf 80' lang='lat' dir='ltr'>mi</span> 
     </span>
     <span class='ocr_line' id='line_1_15' title="bbox 269 1803 2563 1891; baseline -0 -22"><span class='ocrx_word' id='word_1_117' title='bbox 269 1807 683 1888; x_wconf 74' lang='lat' dir='ltr'>opportunius</span> <span class='ocrx_word' id='word_1_118' title='bbox 733 1807 991 1868; x_wconf 78' lang='lat' dir='ltr'>venire.“</span> <span class='ocrx_word' id='word_1_119' title='bbox 1082 1806 1289 1882; x_wconf 80' lang='lat' dir='ltr'>Quam</span> <span class='ocrx_word' id='word_1_120' title='bbox 1348 1803 1607 1889; x_wconf 88' lang='lat' dir='ltr'>quidem</span> <span class='ocrx_word' id='word_1_121' title='bbox 1672 1807 2220 1891; x_wconf 87' lang='lat' dir='ltr'>Opportunitatem</span> <span class='ocrx_word' id='word_1_122' title='bbox 2276 1827 2422 1870; x_wconf 85' lang='lat' dir='ltr'>cum</span> <span class='ocrx_word' id='word_1_123' title='bbox 2478 1826 2563 1868; x_wconf 80' lang='lat' dir='ltr'>ex</span> 
     </span>
     <span class='ocr_line' id='line_1_16' title="bbox 274 1917 2565 2010; baseline -0.001 -21"><span class='ocrx_word' id='word_1_124' title='bbox 274 1927 587 2008; x_wconf 82' lang='lat' dir='ltr'>exemplo</span> <span class='ocrx_word' id='word_1_125' title='bbox 663 1927 811 1988; x_wconf 87' lang='lat' dir='ltr'>oriri</span> <span class='ocrx_word' id='word_1_126' title='bbox 882 1945 1072 2009; x_wconf 90' lang='lat' dir='ltr'>supra</span> <span class='ocrx_word' id='word_1_127' title='bbox 1130 1917 1478 1989; x_wconf 86' lang='lat' dir='ltr'>viderimus</span> <span class='ocrx_word' id='word_1_128' title='bbox 1554 1929 1636 2010; x_wconf 89' lang='lat' dir='ltr'>(p.</span> <span class='ocrx_word' id='word_1_129' title='bbox 1702 1929 1842 2008; x_wconf 78' lang='lat'><strong>32),</strong></span> <span class='ocrx_word' id='word_1_130' title='bbox 1913 1929 2080 1990; x_wconf 84' lang='lat' dir='ltr'>haud</span> <span class='ocrx_word' id='word_1_131' title='bbox 2157 1931 2396 1989; x_wconf 88' lang='lat' dir='ltr'>remota</span> <span class='ocrx_word' id='word_1_132' title='bbox 2468 1932 2565 1987; x_wconf 88' lang='lat' dir='ltr'>est</span> 
     </span>
     <span class='ocr_line' id='line_1_17' title="bbox 274 2046 2562 2132; baseline -0.002 -23"><span class='ocrx_word' id='word_1_133' title='bbox 274 2048 581 2129; x_wconf 72' lang='lat' dir='ltr'>cogitatio</span> <span class='ocrx_word' id='word_1_134' title='bbox 639 2048 828 2108; x_wconf 77' lang='lat' dir='ltr'>ctiam</span> <span class='ocrx_word' id='word_1_135' title='bbox 882 2046 1054 2108; x_wconf 84' lang='lat' dir='ltr'>illius</span> <span class='ocrx_word' id='word_1_136' title='bbox 1122 2046 1363 2129; x_wconf 81' lang='lat' dir='ltr'>figurae</span> <span class='ocrx_word' id='word_1_137' title='bbox 1409 2067 1535 2129; x_wconf 85' lang='lat' dir='ltr'>qua</span> <span class='ocrx_word' id='word_1_138' title='bbox 1579 2047 2028 2132; x_wconf 81' lang='grc' dir='ltr'>προσωποποιία</span> <span class='ocrx_word' id='word_1_139' title='bbox 2074 2049 2236 2122; x_wconf 88' lang='lat' dir='ltr'>(sive</span> <span class='ocrx_word' id='word_1_140' title='bbox 2277 2068 2562 2130; x_wconf 80' lang='grc' dir='ltr'>σωματο-</span> 
     </span>
     <span class='ocr_line' id='line_1_18' title="bbox 275 2156 2565 2250; baseline 0 -23"><span class='ocrx_word' id='word_1_141' title='bbox 275 2166 469 2246; x_wconf 87' lang='grc' dir='ltr'>ποιία,</span> <span class='ocrx_word' id='word_1_142' title='bbox 520 2171 586 2227; x_wconf 87' lang='lat' dir='ltr'>ut</span> <span class='ocrx_word' id='word_1_143' title='bbox 630 2166 716 2227; x_wconf 89' lang='lat' dir='ltr'>ait</span> <span class='ocrx_word' id='word_1_144' title='bbox 758 2163 1049 2227; x_wconf 83' lang='lat' dir='ltr'><strong>Donatus</strong></span> <span class='ocrx_word' id='word_1_145' title='bbox 1098 2165 1174 2227; x_wconf 87' lang='lat' dir='ltr'>ad</span> <span class='ocrx_word' id='word_1_146' title='bbox 1221 2163 1455 2228; x_wconf 79' lang='lat' dir='ltr'>Terent</span> <span class='ocrx_word' id='word_1_147' title='bbox 1501 2166 1536 2227; x_wconf 90' lang='lat' dir='ltr'>l.</span> <span class='ocrx_word' id='word_1_148' title='bbox 1570 2166 1630 2245; x_wconf 90' lang='lat' dir='ltr'>l.)</span> <span class='ocrx_word' id='word_1_149' title='bbox 1681 2170 1743 2228; x_wconf 88' lang='lat' dir='ltr'>et</span> <span class='ocrx_word' id='word_1_150' title='bbox 1778 2156 2110 2250; x_wconf 68' lang='grc' dir='ltr'>παρήχησις</span> <span class='ocrx_word' id='word_1_151' title='bbox 2156 2167 2565 2247; x_wconf 85' lang='lat' dir='ltr'>coniungitur</span> 
     </span>
     <span class='ocr_line' id='line_1_19' title="bbox 279 2282 2562 2366; baseline -0 -19"><span class='ocrx_word' id='word_1_152' title='bbox 279 2285 619 2366; x_wconf 78' lang='lat' dir='ltr'>exemplar</span> <span class='ocrx_word' id='word_1_153' title='bbox 663 2282 960 2347; x_wconf 87' lang='lat' dir='ltr'>Plautum</span> <span class='ocrx_word' id='word_1_154' title='bbox 1021 2285 1188 2365; x_wconf 90' lang='lat' dir='ltr'>apud</span> <span class='ocrx_word' id='word_1_155' title='bbox 1234 2285 1477 2346; x_wconf 84' lang='lat' dir='ltr'>Atticos</span> <span class='ocrx_word' id='word_1_156' title='bbox 1533 2286 1884 2364; x_wconf 82' lang='lat' dir='ltr'>invenisse,</span> <span class='ocrx_word' id='word_1_157' title='bbox 1945 2304 2091 2347; x_wconf 87' lang='lat' dir='ltr'>cum</span> <span class='ocrx_word' id='word_1_158' title='bbox 2148 2286 2216 2346; x_wconf 89' lang='lat' dir='ltr'>in</span> <span class='ocrx_word' id='word_1_159' title='bbox 2259 2283 2562 2346; x_wconf 89' lang='lat' dir='ltr'>Pseudoli</span> 
     </span>
     <span class='ocr_line' id='line_1_20' title="bbox 278 2393 2554 2488; baseline 0 -22"><span class='ocrx_word' id='word_1_160' title='bbox 278 2405 393 2467; x_wconf 90' lang='lat' dir='ltr'>illo</span> <span class='ocrx_word' id='word_1_161' title='bbox 458 2405 596 2467; x_wconf 87' lang='grc'>1000</span> <span class='ocrx_word' id='word_1_162' title='bbox 661 2404 924 2466; x_wconf 82' lang='lat' dir='ltr'>fortasse</span> <span class='ocrx_word' id='word_1_163' title='bbox 992 2403 1211 2488; x_wconf 74' lang='grc' dir='ltr'>Καιροῦ</span> <span class='ocrx_word' id='word_1_164' title='bbox 1257 2393 1637 2488; x_wconf 78' lang='grc' dir='ltr'>καιριώτερος</span> <span class='ocrx_word' id='word_1_165' title='bbox 1702 2404 1805 2465; x_wconf 84' lang='lat' dir='ltr'>vel</span> <span class='ocrx_word' id='word_1_166' title='bbox 1852 2404 1975 2466; x_wconf 89' lang='lat' dir='ltr'>tale</span> <span class='ocrx_word' id='word_1_167' title='bbox 2023 2404 2175 2486; x_wconf 90' lang='lat' dir='ltr'>quid</span> <span class='ocrx_word' id='word_1_168' title='bbox 2218 2405 2554 2486; x_wconf 87' lang='lat' dir='ltr'>legeretur.</span> 
     </span>
     <span class='ocr_line' id='line_1_21' title="bbox 280 2523 2559 2606; baseline -0 -19"><span class='ocrx_word' id='word_1_169' title='bbox 280 2524 423 2587; x_wconf 87' lang='lat' dir='ltr'>Nec</span> <span class='ocrx_word' id='word_1_170' title='bbox 469 2523 736 2587; x_wconf 88' lang='lat' dir='ltr'>dubium</span> <span class='ocrx_word' id='word_1_171' title='bbox 784 2526 940 2606; x_wconf 89' lang='lat' dir='ltr'>quin</span> <span class='ocrx_word' id='word_1_172' title='bbox 989 2524 1105 2586; x_wconf 83' lang='lat' dir='ltr'>hoc</span> <span class='ocrx_word' id='word_1_173' title='bbox 1146 2524 1283 2586; x_wconf 87' lang='lat' dir='ltr'>fieri</span> <span class='ocrx_word' id='word_1_174' title='bbox 1321 2526 1623 2605; x_wconf 87' lang='lat' dir='ltr'>potuerit:</span> <span class='ocrx_word' id='word_1_175' title='bbox 1680 2544 1827 2586; x_wconf 89' lang='lat' dir='ltr'>nam</span> <span class='ocrx_word' id='word_1_176' title='bbox 1861 2524 2175 2587; x_wconf 86' lang='lat' dir='ltr'>Graecum</span> <span class='ocrx_word' id='word_1_177' title='bbox 2215 2543 2358 2587; x_wconf 88' lang='lat' dir='ltr'>esse</span> <span class='ocrx_word' id='word_1_178' title='bbox 2404 2524 2559 2587; x_wconf 90' lang='lat' dir='ltr'>illud</span> 
     </span>
     <span class='ocr_line' id='line_1_22' title="bbox 283 2643 2560 2727; baseline -0.001 -21"><span class='ocrx_word' id='word_1_179' title='bbox 283 2646 546 2707; x_wconf 90' lang='lat' dir='ltr'>schema</span> <span class='ocrx_word' id='word_1_180' title='bbox 624 2644 1093 2706; x_wconf 85' lang='lat' dir='ltr'>demonstratur</span> <span class='ocrx_word' id='word_1_181' title='bbox 1171 2643 1505 2725; x_wconf 86' lang='lat' dir='ltr'>proverbio</span> <span class='ocrx_word' id='word_1_182' title='bbox 1579 2644 1744 2726; x_wconf 90' lang='lat' dir='ltr'>apud</span> <span class='ocrx_word' id='word_1_183' title='bbox 1820 2643 2202 2727; x_wconf 87' lang='lat' dir='ltr'>Diogenian.</span> <span class='ocrx_word' id='word_1_184' title='bbox 2304 2643 2417 2725; x_wconf 88' lang='lat' dir='ltr'>IV,</span> <span class='ocrx_word' id='word_1_185' title='bbox 2481 2645 2560 2705; x_wconf 80' lang='lat'>22</span> 
     </span>
     <span class='ocr_line' id='line_1_23' title="bbox 284 2753 2566 2848; baseline 0.001 -24"><span class='ocrx_word' id='word_1_186' title='bbox 284 2765 502 2841; x_wconf 54' lang='grc' dir='ltr'>,Δίκης</span> <span class='ocrx_word' id='word_1_187' title='bbox 532 2753 953 2848; x_wconf 51' lang='grc' dir='ltr'>δικαιότεροςιι,</span> <span class='ocrx_word' id='word_1_188' title='bbox 989 2767 1049 2824; x_wconf 86' lang='lat' dir='ltr'>et</span> <span class='ocrx_word' id='word_1_189' title='bbox 1081 2762 1397 2826; x_wconf 80' lang='lat' dir='ltr'>similibus</span> <span class='ocrx_word' id='word_1_190' title='bbox 1425 2764 1586 2843; x_wconf 85' lang='lat' dir='ltr'>aliiS,</span> <span class='ocrx_word' id='word_1_191' title='bbox 1612 2764 1789 2826; x_wconf 80' lang='lat' dir='ltr'>velut</span> <span class='ocrx_word' id='word_1_192' title='bbox 1820 2783 1915 2846; x_wconf 86' lang='lat' dir='ltr'>ap.</span> <span class='ocrx_word' id='word_1_193' title='bbox 1944 2763 2118 2826; x_wconf 82' lang='lat' dir='ltr'>Suid.</span> <span class='ocrx_word' id='word_1_194' title='bbox 2149 2785 2206 2846; x_wconf 92' lang='lat' dir='ltr'>p.</span> <span class='ocrx_word' id='word_1_195' title='bbox 2243 2764 2321 2825; x_wconf 84' lang='lat'>90</span> <span class='ocrx_word' id='word_1_196' title='bbox 2355 2756 2566 2840; x_wconf 56' lang='lat' dir='ltr'>„Ae-,wok</span> 
     </span>
     <span class='ocr_line' id='line_1_24' title="bbox 282 2873 2561 2968; baseline 0 -24"><span class='ocrx_word' id='word_1_197' title='bbox 282 2876 365 2944; x_wconf 80' lang='grc' dir='ltr'>τὰ</span> <span class='ocrx_word' id='word_1_198' title='bbox 414 2874 577 2944; x_wconf 74' lang='grc' dir='ltr'>δεινὰ</span> <span class='ocrx_word' id='word_1_199' title='bbox 636 2883 736 2943; x_wconf 81' lang='grc' dir='ltr'>καὶ</span> <span class='ocrx_word' id='word_1_200' title='bbox 803 2873 1106 2968; x_wconf 72' lang='grc' dir='ltr'>δεινότερα</span> <span class='ocrx_word' id='word_1_201' title='bbox 1162 2886 1287 2941; x_wconf 81' lang='grc' dir='ltr'>τῶν</span> <span class='ocrx_word' id='word_1_202' title='bbox 1331 2882 1609 2942; x_wconf 81' lang='grc' dir='ltr'>Δεινίου.“</span> <span class='ocrx_word' id='word_1_203' title='bbox 1699 2883 1841 2945; x_wconf 84' lang='grc' dir='ltr'>Νο0</span> <span class='ocrx_word' id='word_1_204' title='bbox 1908 2888 2121 2946; x_wconf 81' lang='lat' dir='ltr'>tamen</span> <span class='ocrx_word' id='word_1_205' title='bbox 2189 2883 2561 2945; x_wconf 82' lang='lat' dir='ltr'>crediderim</span> 
     </span>
     <span class='ocr_line' id='line_1_25' title="bbox 284 2999 2561 3085; baseline -0.001 -18"><span class='ocrx_word' id='word_1_206' title='bbox 284 3003 582 3067; x_wconf 84' lang='lat' dir='ltr'>Plautum</span> <span class='ocrx_word' id='word_1_207' title='bbox 643 3001 942 3065; x_wconf 90' lang='lat' dir='ltr'>omnibus</span> <span class='ocrx_word' id='word_1_208' title='bbox 988 3003 1163 3081; x_wconf 82' lang='lat' dir='ltr'>lociS,</span> <span class='ocrx_word' id='word_1_209' title='bbox 1223 2999 1335 3063; x_wconf 92' lang='lat' dir='ltr'>ubi</span> <span class='ocrx_word' id='word_1_210' title='bbox 1383 3002 1495 3064; x_wconf 88' lang='lat' dir='ltr'>illa</span> <span class='ocrx_word' id='word_1_211' title='bbox 1538 3001 1743 3085; x_wconf 85' lang='lat' dir='ltr'>figura</span> <span class='ocrx_word' id='word_1_212' title='bbox 1781 3005 1998 3083; x_wconf 84' lang='lat' dir='ltr'>utitur,</span> <span class='ocrx_word' id='word_1_213' title='bbox 2055 3021 2194 3064; x_wconf 88' lang='lat' dir='ltr'>eam</span> <span class='ocrx_word' id='word_1_214' title='bbox 2240 3022 2277 3063; x_wconf 88' lang='lat' dir='ltr'>a</span> <span class='ocrx_word' id='word_1_215' title='bbox 2322 3002 2561 3064; x_wconf 84' lang='lat' dir='ltr'>Graeco</span> 
     </span>
     <span class='ocr_line' id='line_1_26' title="bbox 290 3122 2562 3208; baseline -0.001 -21"><span class='ocrx_word' id='word_1_216' title='bbox 290 3144 485 3208; x_wconf 88' lang='lat' dir='ltr'>quem</span> <span class='ocrx_word' id='word_1_217' title='bbox 534 3122 899 3186; x_wconf 82' lang='lat' dir='ltr'>imitabatur</span> <span class='ocrx_word' id='word_1_218' title='bbox 953 3126 1136 3204; x_wconf 85' lang='lat' dir='ltr'>poeta</span> <span class='ocrx_word' id='word_1_219' title='bbox 1193 3140 1337 3183; x_wconf 89' lang='lat' dir='ltr'>esse</span> <span class='ocrx_word' id='word_1_220' title='bbox 1394 3126 1772 3185; x_wconf 86' lang='lat' dir='ltr'>mutuatum.</span> <span class='ocrx_word' id='word_1_221' title='bbox 1860 3122 2155 3204; x_wconf 83' lang='lat' dir='ltr'><em>Namque</em></span> <span class='ocrx_word' id='word_1_222' title='bbox 2202 3124 2269 3184; x_wconf 89' lang='lat' dir='ltr'>in</span> <span class='ocrx_word' id='word_1_223' title='bbox 2315 3123 2562 3184; x_wconf 87' lang='lat' dir='ltr'>Atticae</span> 
     </span>
     <span class='ocr_line' id='line_1_27' title="bbox 287 3242 2623 3326; baseline -0.002 -19"><span class='ocrx_word' id='word_1_224' title='bbox 287 3243 650 3307; x_wconf 88' lang='lat' dir='ltr'>comoediae</span> <span class='ocrx_word' id='word_1_225' title='bbox 693 3243 1063 3325; x_wconf 84' lang='lat' dir='ltr'>fragmentis</span> <span class='ocrx_word' id='word_1_226' title='bbox 1107 3244 1246 3305; x_wconf 86' lang='lat' dir='ltr'>eius</span> <span class='ocrx_word' id='word_1_227' title='bbox 1293 3261 1411 3303; x_wconf 93' lang='grc'>000</span> <span class='ocrx_word' id='word_1_228' title='bbox 1451 3242 1596 3304; x_wconf 87' lang='lat' dir='ltr'>vola</span> <span class='ocrx_word' id='word_1_229' title='bbox 1644 3262 1760 3304; x_wconf 86' lang='lat' dir='ltr'>nec</span> <span class='ocrx_word' id='word_1_230' title='bbox 1808 3244 2150 3326; x_wconf 85' lang='lat' dir='ltr'>vestigium</span> <span class='ocrx_word' id='word_1_231' title='bbox 2199 3245 2387 3323; x_wconf 88' lang='lat' dir='ltr'>atque</span> <span class='ocrx_word' id='word_1_232' title='bbox 2432 3261 2563 3304; x_wconf 86' lang='lat' dir='ltr'>om·</span> <span class='ocrx_word' id='word_1_233' title='bbox 2614 3285 2623 3295; x_wconf 82' lang='grc'><strong>.</strong></span> 
     </span>
     <span class='ocr_line' id='line_1_28' title="bbox 295 3360 2565 3448; baseline -0.001 -22"><span class='ocrx_word' id='word_1_234' title='bbox 295 3366 445 3426; x_wconf 90' lang='grc'>0100</span> <span class='ocrx_word' id='word_1_235' title='bbox 483 3382 737 3445; x_wconf 86' lang='lat' dir='ltr'>perrara</span> <span class='ocrx_word' id='word_1_236' title='bbox 769 3362 856 3424; x_wconf 90' lang='lat' dir='ltr'>ibi</span> <span class='ocrx_word' id='word_1_237' title='bbox 887 3368 983 3425; x_wconf 90' lang='lat' dir='ltr'>est</span> <span class='ocrx_word' id='word_1_238' title='bbox 1026 3363 1432 3448; x_wconf 77' lang='grc' dir='ltr'>παρονομασία</span> <span class='ocrx_word' id='word_1_239' title='bbox 1462 3363 1784 3426; x_wconf 87' lang='lat' dir='ltr'>veteribus</span> <span class='ocrx_word' id='word_1_240' title='bbox 1809 3360 2243 3425; x_wconf 88' lang='lat' dir='ltr'>Romanorum</span> <span class='ocrx_word' id='word_1_241' title='bbox 2274 3363 2565 3441; x_wconf 88' lang='grc'>80001018,</span> 
     </span>
     <span class='ocr_line' id='line_1_29' title="bbox 293 3479 2567 3564; baseline -0.001 -20"><span class='ocrx_word' id='word_1_242' title='bbox 293 3482 460 3564; x_wconf 91' lang='lat' dir='ltr'>quod</span> <span class='ocrx_word' id='word_1_243' title='bbox 539 3501 761 3544; x_wconf 85' lang='lat' dir='ltr'>omnes</span> <span class='ocrx_word' id='word_1_244' title='bbox 835 3483 1063 3561; x_wconf 83' lang='lat' dir='ltr'>sciunt,</span> <span class='ocrx_word' id='word_1_245' title='bbox 1154 3481 1580 3544; x_wconf 86' lang='lat' dir='ltr'>dilectissima.</span> <span class='ocrx_word' id='word_1_246' title='bbox 1695 3479 1902 3555; x_wconf 77' lang='lat' dir='ltr'>Quare</span> <span class='ocrx_word' id='word_1_247' title='bbox 1980 3481 2393 3543; x_wconf 83' lang='lat' dir='ltr'>verisimilius</span> <span class='ocrx_word' id='word_1_248' title='bbox 2472 3487 2567 3542; x_wconf 89' lang='lat' dir='ltr'>est</span> 
     </span>
     <span class='ocr_line' id='line_1_30' title="bbox 292 3599 2568 3684; baseline -0 -21"><span class='ocrx_word' id='word_1_249' title='bbox 292 3601 611 3680; x_wconf 83' lang='lat' dir='ltr'>Plautum,</span> <span class='ocrx_word' id='word_1_250' title='bbox 683 3604 792 3684; x_wconf 86' lang='lat' dir='ltr'>qui</span> <span class='ocrx_word' id='word_1_251' title='bbox 858 3620 1261 3684; x_wconf 91' lang='lat' dir='ltr'>summopere</span> <span class='ocrx_word' id='word_1_252' title='bbox 1328 3602 1620 3664; x_wconf 81' lang='lat' dir='ltr'>studebat</span> <span class='ocrx_word' id='word_1_253' title='bbox 1670 3602 2199 3680; x_wconf 80' lang='lat' dir='ltr'>annominationi,</span> <span class='ocrx_word' id='word_1_254' title='bbox 2269 3599 2345 3662; x_wconf 93' lang='lat' dir='ltr'>ob</span> <span class='ocrx_word' id='word_1_255' title='bbox 2407 3601 2568 3662; x_wconf 90' lang='lat' dir='ltr'>hanc</span> 
     </span>
     <span class='ocr_line' id='line_1_31' title="bbox 294 3721 2567 3806; baseline -0 -22"><span class='ocrx_word' id='word_1_256' title='bbox 294 3725 496 3806; x_wconf 85' lang='lat' dir='ltr'>ipsam</span> <span class='ocrx_word' id='word_1_257' title='bbox 527 3722 683 3784; x_wconf 88' lang='lat' dir='ltr'>illud</span> <span class='ocrx_word' id='word_1_258' title='bbox 717 3721 971 3784; x_wconf 89' lang='lat' dir='ltr'>schema</span> <span class='ocrx_word' id='word_1_259' title='bbox 1000 3725 1127 3783; x_wconf 87' lang='lat' dir='ltr'>tam</span> <span class='ocrx_word' id='word_1_260' title='bbox 1153 3722 1379 3804; x_wconf 87' lang='lat' dir='ltr'>cupide</span> <span class='ocrx_word' id='word_1_261' title='bbox 1404 3724 1746 3804; x_wconf 85' lang='lat' dir='ltr'>arripuisse</span> <span class='ocrx_word' id='word_1_262' title='bbox 1778 3726 1841 3784; x_wconf 88' lang='lat' dir='ltr'>et</span> <span class='ocrx_word' id='word_1_263' title='bbox 1870 3722 1947 3783; x_wconf 91' lang='lat' dir='ltr'>ad</span> <span class='ocrx_word' id='word_1_264' title='bbox 1983 3741 2181 3783; x_wconf 88' lang='lat' dir='ltr'>unum</span> <span class='ocrx_word' id='word_1_265' title='bbox 2218 3721 2567 3783; x_wconf 86' lang='lat' dir='ltr'>alterumve</span> 
     </span>
     <span class='ocr_line' id='line_1_32' title="bbox 296 3842 1394 3923; baseline -0.003 -18"><span class='ocrx_word' id='word_1_266' title='bbox 296 3842 665 3923; x_wconf 83' lang='lat' dir='ltr'>exemplum</span> <span class='ocrx_word' id='word_1_267' title='bbox 709 3842 1136 3904; x_wconf 79' lang='lat' dir='ltr'>conformasse</span> <span class='ocrx_word' id='word_1_268' title='bbox 1180 3843 1394 3903; x_wconf 89' lang='lat' dir='ltr'>multa.</span> 
     </span>
    </p>

    <p class='ocr_par' dir='ltr' id='par_1_5' title="bbox 298 3959 2573 4406">
     <span class='ocr_line' id='line_1_33' title="bbox 472 3959 2570 4041; baseline 0 -18"><span class='ocrx_word' id='word_1_269' title='bbox 472 3961 552 4024; x_wconf 90' lang='lat' dir='ltr'>Ut</span> <span class='ocrx_word' id='word_1_270' title='bbox 598 3962 753 4023; x_wconf 87' lang='lat' dir='ltr'>haec</span> <span class='ocrx_word' id='word_1_271' title='bbox 794 3959 1083 4022; x_wconf 83' lang='lat' dir='ltr'>fictarum</span> <span class='ocrx_word' id='word_1_272' title='bbox 1130 3979 1545 4041; x_wconf 86' lang='lat' dir='ltr'>personarum</span> <span class='ocrx_word' id='word_1_273' title='bbox 1591 3961 1874 4023; x_wconf 82' lang='lat' dir='ltr'>inductio</span> <span class='ocrx_word' id='word_1_274' title='bbox 1923 3962 2061 4022; x_wconf 91' lang='lat' dir='ltr'>sine</span> <span class='ocrx_word' id='word_1_275' title='bbox 2100 3959 2292 4022; x_wconf 90' lang='lat' dir='ltr'>dubio</span> <span class='ocrx_word' id='word_1_276' title='bbox 2333 3978 2570 4023; x_wconf 86' lang='lat' dir='ltr'>sermo-</span> 
     </span>
     <span class='ocr_line' id='line_1_34' title="bbox 298 4079 2573 4165; baseline -0.001 -21"><span class='ocrx_word' id='word_1_277' title='bbox 298 4084 399 4144; x_wconf 89' lang='lat' dir='ltr'>nis</span> <span class='ocrx_word' id='word_1_278' title='bbox 445 4083 648 4165; x_wconf 85' lang='lat' dir='ltr'>magis</span> <span class='ocrx_word' id='word_1_279' title='bbox 695 4079 905 4143; x_wconf 89' lang='lat' dir='ltr'>Plauti</span> <span class='ocrx_word' id='word_1_280' title='bbox 948 4083 1333 4161; x_wconf 71' lang='lat' dir='ltr'>proprietaS,</span> <span class='ocrx_word' id='word_1_281' title='bbox 1383 4102 1573 4164; x_wconf 87' lang='lat' dir='ltr'>quam</span> <span class='ocrx_word' id='word_1_282' title='bbox 1618 4083 1712 4143; x_wconf 82' lang='lat' dir='ltr'>rei</span> <span class='ocrx_word' id='word_1_283' title='bbox 1757 4081 1834 4145; x_wconf 88' lang='lat' dir='ltr'>ab</span> <span class='ocrx_word' id='word_1_284' title='bbox 1875 4081 2102 4143; x_wconf 90' lang='lat' dir='ltr'>Atticis</span> <span class='ocrx_word' id='word_1_285' title='bbox 2149 4081 2573 4162; x_wconf 84' lang='lat' dir='ltr'>discrepantia</span> 
     </span>
     <span class='ocr_line' id='line_1_35' title="bbox 298 4199 2570 4284; baseline -0.002 -20"><span class='ocrx_word' id='word_1_286' title='bbox 298 4202 586 4266; x_wconf 91' lang='lat' dir='ltr'>habenda</span> <span class='ocrx_word' id='word_1_287' title='bbox 631 4211 746 4283; x_wconf 86' lang='lat' dir='ltr'>est,</span> <span class='ocrx_word' id='word_1_288' title='bbox 792 4203 884 4263; x_wconf 89' lang='lat' dir='ltr'>sic</span> <span class='ocrx_word' id='word_1_289' title='bbox 929 4221 1075 4264; x_wconf 89' lang='lat' dir='ltr'>enm</span> <span class='ocrx_word' id='word_1_290' title='bbox 1125 4204 1346 4284; x_wconf 89' lang='lat' dir='ltr'>opinor</span> <span class='ocrx_word' id='word_1_291' title='bbox 1384 4201 1525 4263; x_wconf 90' lang='lat' dir='ltr'>aliis</span> <span class='ocrx_word' id='word_1_292' title='bbox 1562 4202 1944 4284; x_wconf 90' lang='lat' dir='ltr'>quibusdam</span> <span class='ocrx_word' id='word_1_293' title='bbox 1978 4204 2155 4281; x_wconf 85' lang='lat' dir='ltr'>lociS,</span> <span class='ocrx_word' id='word_1_294' title='bbox 2198 4200 2305 4263; x_wconf 89' lang='lat' dir='ltr'>nbi</span> <span class='ocrx_word' id='word_1_295' title='bbox 2337 4199 2570 4262; x_wconf 83' lang='lat' dir='ltr'>Salutis</span> 
     </span>
     <span class='ocr_line' id='line_1_36' title="bbox 300 4322 2573 4406; baseline -0.001 -23"><span class='ocrx_word' id='word_1_296' title='bbox 300 4324 401 4386; x_wconf 87' lang='lat' dir='ltr'>vel</span> <span class='ocrx_word' id='word_1_297' title='bbox 465 4324 726 4386; x_wconf 86' lang='lat' dir='ltr'>alterius</span> <span class='ocrx_word' id='word_1_298' title='bbox 791 4322 893 4385; x_wconf 91' lang='lat' dir='ltr'>dei</span> <span class='ocrx_word' id='word_1_299' title='bbox 952 4342 1182 4385; x_wconf 89' lang='lat' dir='ltr'>nomen</span> <span class='ocrx_word' id='word_1_300' title='bbox 1244 4341 1356 4404; x_wconf 89' lang='lat' dir='ltr'>per</span> <span class='ocrx_word' id='word_1_301' title='bbox 1415 4323 1625 4384; x_wconf 86' lang='lat' dir='ltr'>iocum</span> <span class='ocrx_word' id='word_1_302' title='bbox 1687 4325 2035 4406; x_wconf 87' lang='lat' dir='ltr'>imponitur</span> <span class='ocrx_word' id='word_1_303' title='bbox 2089 4322 2280 4386; x_wconf 89' lang='grc'>011001</span> <span class='ocrx_word' id='word_1_304' title='bbox 2325 4325 2573 4402; x_wconf 87' lang='lat' dir='ltr'>praeter</span> 
     </span>
    </p>

    <p class='ocr_par' dir='ltr' id='par_1_6' title="bbox 2089 4450 2151 4503">
     <span class='ocr_line' id='line_1_37' title="bbox 2089 4450 2151 4503; baseline 0 -24"><span class='ocrx_word' id='word_1_305' title='bbox 2089 4450 2151 4503; x_wconf 78' lang='grc'>4*</span> 
     </span>
    </p>
   </div>
  </div>
 </body>
</html>
