3028 4990
1320 338 1740 399 „24”

389 521 646 585 bundus
690 523 1005 586 exclamat
1049 522 1174 586 604
1219 542 1355 605 sqq.
1404 513 1491 602 „di
1542 525 1707 582 θεῶν
1752 521 1945 603 βωμοὶ
1985 511 2283 605 πατρῴων
2316 565 2329 577 .
2360 566 2371 578 .
2407 564 2420 575 .
2447 499 2697 576 κλύετε

393 663 529 725 μου.
615 642 735 703 631
781 661 873 724 sq.
922 643 1022 703 καὶ
1074 636 1144 702 σὺ
1190 639 1355 721 Φοῖβ’
1414 631 1563 712 ἄναξ
1600 637 1850 724 Ἀγυιεῦ,
1897 641 1997 701 καὶ
2042 638 2322 724 μέλαθρα
2364 635 2660 721 χαίρετε“,

393 759 494 821 vel
538 759 879 823 Alcestidis
935 763 1002 823 in
1054 761 1168 823 hac
1201 759 1438 840 ,fabula
1491 762 1862 842 priusquam
1921 759 1998 822 ad
2042 759 2278 821 inferos
2324 754 2664 818 descendat

393 876 563 939 idem
607 879 856 959 pietatis
906 877 1184 949 officium
1230 881 1346 940 rite
1393 880 1813 960 exsequentis
1864 877 1981 938 162
2032 895 2166 958 sqq.
2229 878 2466 952 ,,στᾶσα
2524 863 2664 958 πρό-

395 1001 542 1057 σθεν
599 996 796 1069 ἑστίας
855 987 1222 1074 κατηύξατο,
1279 989 1558 1074 δέσποιν’,
1623 991 1745 1082 ἐγὼ
1805 991 1922 1081 γὰρ
1969 1044 1981 1056 .
2038 1043 2050 1055 .
2100 1045 2111 1057 .
2160 985 2388 1066 πάντας
2431 985 2501 1054 δὲ
2545 994 2665 1072 βω-

396 1107 556 1198 μοὺς,
617 1119 674 1175 οἳ
715 1113 844 1175 κατ’
892 1105 1196 1199 Ἀδμήτου
1243 1106 1482 1199 δόμους,
1529 1118 1841 1201 προσῆλθε
1887 1104 2221 1196 κάξέστεψε
2266 1114 2367 1173 καὶ
2409 1101 2665 1197 προσηυ-

397 1223 604 1303 ξατοίί.
719 1234 799 1295 Et
871 1235 947 1298 ad
1004 1236 1281 1297 similem
1342 1228 1608 1297 fortasse
1668 1236 2071 1297 occasionem
2130 1236 2366 1316 spectat
2428 1231 2665 1294 Cratini

393 1351 819 1434 fragmentum
864 1353 946 1434 ΙΙ,
996 1356 1137 1434 142,
1185 1356 1238 1415 3.
1291 1354 1482 1416 Mein.
1539 1354 1838 1438 ,,Χαίρετε
1884 1345 2175 1436 δαίμονες,
2235 1358 2291 1414 οἳ
2332 1340 2666 1430 Λεβάδειαν

396 1463 689 1534 Βοιώτιον
733 1465 922 1558 οὖθαρ
969 1465 1217 1559 ἀρούρης
1261 1474 1565 1554 (ναίετε)“,
1615 1493 2003 1556 quamquam
2044 1473 2161 1535 hoc
2194 1474 2418 1536 eadem
2457 1492 2666 1554 opera,

397 1611 524 1674 qua
584 1592 662 1654 ad
729 1592 1102 1673 discessum,
1170 1593 1247 1656 ad
1311 1593 1586 1655 reditum
1664 1594 1872 1676 possis
1945 1612 2264 1672 revocare,
2334 1593 2487 1674 quia
2539 1611 2665 1653 non

395 1712 642 1772 minore
702 1730 854 1774 cura
898 1711 1119 1774 Graeci
1173 1732 1320 1775 cum
1367 1713 1749 1794 peregrinati
1791 1716 2057 1793 penates
2103 1730 2254 1774 suos
2293 1709 2669 1792 repetebant

394 1829 767 1911 religionem
813 1829 987 1892 illam
1031 1830 1473 1912 observarunt,
1521 1832 1594 1893 cf.
1631 1831 1777 1893 Eur.
1811 1830 1997 1893 Herc.
2034 1833 2155 1894 599
2204 1833 2447 1909 ,,καλῶς
2488 1852 2665 1914 προσ-

392 1941 598 2009 ελθων
641 1952 739 2007 νῦν
779 1939 1056 2033 πρόσειπε
1114 1947 1170 2010 θ’
1228 1950 1427 2010 ἑστίαν
1461 1998 1472 2010 .
1525 1998 1537 2009 .
1563 1999 1596 2031 ,.
1644 1939 1845 2034 δράσω
1889 1941 2054 2010 τάδ’·
2107 1946 2212 2032 εἶμ’
2269 1952 2409 2010 εἴσω
2458 1939 2666 2032 δόμων

522 2113 534 2125 .
581 2063 690 2126 οὐκ
748 2057 1029 2150 ἀτιμάσω
1094 2061 1275 2139 θεοὺς
1326 2076 1660 2151 προσειπεῖν
1713 2070 1924 2152 πρῶτα
1985 2060 2129 2138 τοὺς
2188 2060 2350 2127 κατὰ
2391 2065 2665 2150 στέγας“.

394 2183 609 2246 Huius
679 2205 934 2269 quoque
1000 2189 1196 2249 moris
1261 2187 1426 2269 apud
1491 2185 1790 2249 Plautum
1856 2186 1926 2248 fit
1987 2188 2226 2249 mentio
2296 2187 2485 2250 Stich.
2546 2188 2667 2249 534

397 2288 609 2376 „Deos
653 2301 975 2363 salutatum
1022 2349 1034 2362 .
1083 2351 1096 2363 .
1148 2351 1161 2365 .
1207 2304 1385 2364 modo
1430 2304 1584 2364 intro
1649 2304 1922 2365 devortor
1974 2304 2259 2364 domum“
2325 2305 2439 2385 (ait
2483 2303 2668 2367 Pam·
2726 2391 2731 2395 .

393 2422 605 2506 philus
659 2424 726 2483 in
780 2424 1046 2506 patriam
1098 2428 1424 2504 reversuS,
1471 2424 1546 2485 cf.
1595 2425 1763 2506 506),
1823 2425 1987 2485 sicut
2029 2424 2184 2485 alter
2227 2425 2494 2486 recurrit
2538 2423 2666 2486 Mil.

405 2542 563 2603 1316
631 2544 1044 2616 „Etiamnunc
1110 2543 1299 2605 saluto
1366 2555 1436 2616 te,
1503 2543 1641 2604 Lar
1692 2544 2051 2626 familiaria,
2109 2543 2473 2626 priusquam
2538 2552 2667 2605 e0“.

397 2660 619 2743 Itaque
665 2664 1024 2744 promptum
1059 2665 1155 2722 est
1185 2662 1407 2723 horum
1446 2664 1734 2724 omnium
1767 2663 2050 2725 locorum
2082 2665 2148 2724 in
2184 2662 2442 2725 Graecis
2475 2682 2670 2745 quae-

397 2780 660 2843 rendam
702 2799 843 2842 esse
891 2781 1221 2862 originem,
1308 2779 1474 2842 Illud
1523 2799 1676 2842 sane
1708 2781 2302 2863 explorataratione
2335 2782 2668 2865 disceptari

397 2901 642 2983 nequit,
689 2900 857 2981 quod
906 2918 1299 2982 unoquoque
1342 2901 1478 2962 loco
1511 2875 1908 2963 vocabulum.
1942 2904 2130 2981 poeta
2169 2899 2435 2965 Latinus
2466 2900 2670 2965 Pena-

396 3023 556 3101 tum,
602 3020 771 3102 quod
814 3018 990 3082 Laris
1034 3020 1360 3082 familiaris
1408 3021 1667 3082 nomine
1714 3020 2069 3082 reddiderit.
2158 3019 2323 3084 Nam
2354 3041 2500 3084 curn
2528 3021 2672 3085 Lari

400 3140 658 3221 quidem
733 3138 956 3201 Graeci
1030 3140 1278 3201 nullum
1354 3141 1617 3201 omnino
1690 3138 1994 3201 haberent
2062 3141 2251 3203 deum
2320 3142 2670 3231 aequalem,
2762 3201 2769 3206 .

400 3260 634 3340 quippe
679 3277 827 3320 cum
867 3276 996 3319 non
1039 3277 1263 3338 unum,
1308 3258 1419 3319 sed
1466 3259 1828 3339 complures
1874 3278 2125 3341 semper
2163 3261 2535 3323 coniunctos
2568 3280 2672 3322 co-

399 3377 605 3439 lerent
656 3376 932 3439 familiae
983 3377 1341 3459 domusque
1387 3378 1712 3459 praesides
1751 3379 2004 3461 aliaque
2050 3398 2159 3441 eos
2205 3399 2277 3442 ac
2321 3379 2513 3442 Lares
2559 3399 2672 3442 na-

394 3501 555 3578 tura,
602 3496 874 3559 Penates
921 3501 1154 3577 autem,
1202 3517 1327 3580 quo
1377 3500 1636 3561 nomine
1667 3497 1941 3561 Romani
1987 3505 2050 3561 et
2092 3502 2326 3580 patrios
2359 3503 2422 3561 et
2453 3498 2668 3561 dome-

398 3618 591 3679 sticos
625 3619 939 3699 cuiusque
972 3618 1125 3679 deos
1166 3621 1307 3698 (seu
1338 3620 1548 3700 potius
1579 3620 1798 3681 divina
1828 3620 2061 3701 proprii
2092 3618 2670 3701 generisnumina)

398 3735 787 3816 denotarent,
853 3754 932 3798 ne
988 3737 1160 3817 ipsos
1220 3736 1476 3817 quidem
1542 3757 1671 3800 una
1719 3736 2142 3819 appellatione
2193 3743 2459 3818 possent
2501 3757 2669 3800 com-

396 3854 604 3937 plecti,
654 3855 765 3916 sed
809 3854 995 3918 modo
1038 3845 1354 3940 πατρῴους
1397 3874 1510 3918 seu
1554 3857 1917 3939 γενεθλίους,
1965 3858 2151 3920 modo
2199 3856 2506 3941 ἐφεστίους
2553 3876 2666 3920 Seu

400 3970 679 4044 κτησίους
725 3991 841 4034 seu
888 3972 1132 4058 μυχίους
1177 3993 1293 4036 seu
1340 3975 1593 4058 ἑρκείους
1638 3976 2199 4058 interpretarentur
2257 3977 2351 4056 (cf.
2395 3975 2669 4057 Lobeck,

395 4092 703 4174 Aglaoph.
746 4113 804 4174 p.
837 4092 997 4153 1237
1036 4096 1218 4175 sqq.),
1261 4094 1325 4155 id
1372 4095 1582 4157 solum
1625 4098 1694 4158 in
1739 4097 2119 4159 universum
2163 4116 2400 4179 ponere
2442 4114 2670 4179 possu-

398 4229 542 4274 mus
600 4208 897 4273 Plautum
957 4230 1071 4293 pro
1121 4212 1377 4276 Graecis
1438 4214 1536 4276 dis
1598 4216 1815 4297 patriis
1874 4218 1935 4276 et
1980 4215 2398 4279 familiaribus
2441 4214 2509 4277 in
2556 4235 2668 4278 ex-

397 4329 624 4413 emplis
671 4333 1176 4394 commemoratis
1222 4330 1568 4416 RomanOS,
1628 4335 1921 4416 quamvis
1963 4334 2253 4397 diversae
2297 4338 2514 4397 essent
2558 4354 2671 4398 na-
