3028 4990
1302 308 1721 370 -40-

376 495 693 568 vomas-ier,
755 495 865 556 Ea*
916 495 1129 555 insana
1192 495 1552 556 insaniorem
1609 493 1825 576 facies,
1873 492 2063 575 feriet
2111 490 2413 571 saepius.“
2502 487 2647 550 Aul.

376 615 501 677 408
560 633 653 696 sq.
715 611 972 697 „Neque
1027 635 1129 696 eqo
1179 636 1486 696 uvnqmm,
1550 612 1667 673 nisi
1706 611 1899 686 hoclz'e,
1953 611 2039 671 ad
2085 608 2359 670 Bacchas
2401 608 2533 668 veni
2585 607 2648 667 in

378 730 731 793 Bacchanal
796 736 896 810 (==
956 733 1237 814 βακχεῖον
1306 731 1494 793 Arist.
1561 728 1708 810 LyS.
1770 730 1830 809 1)
1910 728 2319 811 coquinatum:
2394 725 2494 786 Ita
2556 747 2649 787 me·

375 851 658 911 misemm
700 860 752 910 et
788 871 947 910 meos
982 848 1274 930 diclpulos
1293 848 1560 931 fustibus
1591 846 1745 907 male
1769 845 2217 906 contuderunt.“
2269 842 2501 907 Bacch.
2527 845 2649 907 370

378 967 754 1042 „Bacchides
804 989 922 1028 uon
966 966 1316 1038 Bacchide8‚
1362 976 1443 1026 set,
1486 963 1765 1026 Bacchae
1824 974 1957 1024 sunt
2011 971 2420 1024 acermmae.“
2510 962 2646 1026 CaS.

379 1088 457 1155 V.
512 1089 574 1167 4,
635 1089 672 1149 9
729 1105 866 1169 sqq.
928 1084 1119 1160 „Non
1173 1106 1343 1144 amas
1406 1083 1540 1144 me?
1606 1120 1686 1128 —
1752 1084 1896 1165 qaln
1964 1082 2273 1162 responde,
2344 1091 2441 1143 tuo
2507 1081 2655 1163 quid

366 1206 659 1291 factumst
715 1204 956 1285 pallio?
1026 1240 1089 1248 --
1161 1201 1438 1264 Bacchae.
1501 1200 1710 1275 hercle,
1773 1223 1944 1275 fremor,
2013 1200 2309 1274 Bacchae,
2379 1199 2655 1262 Bacchae

378 1323 567 1386 hercle
606 1346 759 1386 umor
792 1361 870 1370 «-
902 1333 1161 1404 nuyatm·
1204 1322 1386 1383 sciens
1405 1345 1424 1382 .·
1476 1319 1645 1382 Nam
1686 1331 1909 1382 ecastor
1953 1343 2107 1382 nunc
2137 1320 2414 1382 Bacchae
2456 1321 2654 1382 nullae

380 1443 606 1505 ludunt.
655 1480 738 1489 --
802 1443 1012 1505 oblifius
1056 1443 1181 1525 fai.
1274 1442 1396 1504 Sed
1458 1452 1653 1502 tamen
1698 1440 1973 1502 Bacchae
2021 1478 2097 1485 —-
2146 1440 2293 1524 quid
2332 1438 2654 1501 Bacchae?

381 1562 525 1645 quin
577 1561 645 1622 id
679 1561 831 1644 fieri
875 1582 990 1622 mm
1028 1568 1288 1640 potest.“
1378 1560 1676 1641 (Videtur
1721 1578 1925 1622 senex
1971 1562 2159 1622 uxori
2202 1559 2449 1642 roganti
2499 1557 2653 1640 quid

380 1680 572 1762 pallio
641 1698 757 1742 suo
819 1680 1053 1742 factum
1112 1681 1202 1763 ,sit
1251 1679 1636 1761 respondere
1694 1679 1857 1741 velle
1910 1677 2194 1741 Bacchas
2249 1679 2654 1740 lascivientes

382 1796 505 1859 sibi
579 1796 644 1859 id
721 1798 1017 1877 exuisse,
1093 1800 1418 1879 tamquam
1499 1795 1817 1876 Dionysia
1899 1801 2150 1878 essent,
2234 1816 2522 1879 quorum*
2585 1797 2654 1857 in

379 1935 608 2000 pompa
656 1915 956 1978 mulieres
1003 1916 1384 1980 maenadum
1437 1916 1658 1979 habitu
1719 1916 1942 1979 urbem
1982 1922 2479 1999 pervagarentur
2522 1935 2654 1978 om-

364 2034 573 2102 nibus
609 2034 780 2097 ludis
823 2034 1338 2117 petulantiaeque
1380 2035 1651 2117 deditae)
1694 2034 1822 2098 Mil.
1860 2035 1983 2098 856
2016 2054 2152 2118 sqq.
2204 2082 2243 2109 ,,
2261 2033 2381 2097 Ubi
2406 2033 2656 2096 baccha-

382 2154 557 2215 batur
601 2153 766 2228 aula,
829 2155 1138 2215 cassabant
1202 2155 1356 2216 cadi.
1445 2155 1588 2230 Abi,
1651 2156 1753 2217 abi
1814 2156 1990 2217 intro.
2057 2156 2183 2216 iam
2240 2177 2333 2217 vos
2396 2155 2462 2215 in
2511 2153 2656 2215 cella

382 2274 619 2335 vinaria
687 2273 1039 2336 Bacchanal
1135 2278 1236 2355 (=
1304 2276 1586 2358 βακχεῖον
1657 2276 1849 2337 Arist.
1917 2273 2078 2340 Ran.
2155 2275 2298 2354 360)
2376 2273 2655 2356 facitis.“

382 2392 466 2455 ib.
520 2394 683 2455 1015
731 2412 822 2475 sq.
885 2393 1169 2476 „Iasidos
1212 2392 1396 2454 celas:
1458 2414 1560 2474 eqo
1605 2414 1736 2453 sum
1786 2392 1893 2453 tibi
1914 2393 2102 2476 firme
2135 2392 2320 2474 fidus.
2365 2428 2450 2439 —-
2498 2393 2656 2455 cedo

381 2514 616 2595 siynum
676 2515 790 2592 (sc.
855 2503 1153 2596 σύμβολον
1216 2513 1321 2575 vel
1382 2502 1680 2595 σύνθημα,
1750 2530 1874 2593 quo
1942 2502 2165 2596 μύσται
2231 2514 2656 2576 conscientiae

385 2651 540 2695 suae
604 2630 797 2693 fidem
848 2630 1181 2711 faciebant,
1240 2630 1312 2693 cf.
1380 2629 1650 2711 Lobeck,
1715 2631 2023 2713 Aglaoph.
2080 2651 2137 2713 p.
2190 2633 2295 2711 27)
2347 2632 2401 2693 si
2440 2631 2659 2692 harum

384 2749 774 2811 Baccharum
821 2749 938 2810 es.“
963 2749 1022 2831 *)
1109 2746 1340 2811 Pseud.
1389 2749 1507 2812 109
1565 2748 1741 2823 „Scis
1783 2759 1845 2810 tu
1890 2749 2129 2833 quidem
2170 2749 2377 2824 hercle,
2429 2773 2562 2813 mea
2609 2752 2663 2812 si

383 2868 672 2931 commovi
711 2890 908 2942 sacra,
957 2867 1089 2945 Quo
1115 2878 1301 2949 pacto
1347 2879 1397 2930 et
1436 2878 1692 2951 quantas
1733 2868 1953 2930 soleam
1994 2868 2273 2930 turbellas
2316 2869 2508 2931 clare“
2555 2871 2654 2952 (ef.

382 2986 644 3051 Lorenz.
695 2988 771 3051 ad
818 2989 876 3062 h,
924 2988 963 3050 l.
1014 2991 1074 3050 et
1117 2988 1311 3070 praef.
1357 2987 1486 3049 Mil.
1539 3007 1598 3068 p.
1649 2988 1745 3049 65.
1791 2988 1933 3051 adn.
1988 2990 2113 3070 25).

554 3108 614 3170 A
655 3104 1032 3189 Phrygiae
1078 3110 1289 3169 autem
1336 3106 1518 3169 deae
1562 3108 1740 3169 cultu
1782 3109 2046 3190 repetita
2091 3112 2243 3172 sunt
2277 3127 2442 3191 quae
2473 3106 2657 3171 Truc.

524 3364 571 3419 *l
611 3364 728 3417 Hoc
762 3364 878 3416 loco
915 3364 1155 3431 quamvis
1192 3379 1254 3416 ex
1288 3362 1494 3416 Graeca
1529 3360 1709 3415 fabula
1744 3364 1915 3432 petito
1955 3365 2243 3419 verisimile
2281 3369 2365 3420 est
2401 3367 2661 3421 Plautum

385 3449 605 3519 eiusque
641 3452 972 3518 spectatores
1011 3451 1278 3517 cogitasse
1317 3449 1380 3503 de
1416 3466 1611 3503 arcano
1634 3450 1726 3503 illo
1752 3450 1954 3504 Bacchi
1980 3453 2131 3506 cultu
2156 3453 2255 3506 sub
2281 3453 2421 3507 idem
2447 3459 2659 3523 tempus

385 3533 587 3588 Romae
625 3533 778 3603 quasi
814 3534 1124 3602 pestilentia
1159 3539 1440 3604 grassante
1491 3538 1583 3600 (cf.
1625 3535 1740 3589 Liv.
1780 3538 1864 3599 35),
1917 3539 1948 3589 9
1986 3542 2122 3606 sqq.)
2163 3540 2434 3607 vetitoque
2471 3557 2515 3591 a.
2560 3541 2658 3592 186

383 3637 430 3674 a.
470 3621 600 3676 Chr.
649 3620 930 3674 notissimo
992 3623 1458 3676 senatusconsulto
1520 3623 1583 3676 de
1636 3623 2007 3676 Bacanalibus.
2107 3618 2658 3695 Tamen‘negandum

383 3711 515 3777 puto
567 3708 928 3761 Ritschelium
974 3706 1192 3775 Parerg.
1248 3707 1428 3760 Plaut.
1476 3725 1528 3776 p.
1578 3707 1678 3759 192
1724 3724 1802 3776 sq.
1842 3709 2071 3762 Casinas
2121 3709 2154 3763 l.
2207 3726 2252 3764 c.
2291 3713 2449 3765 verba.
2488 3713 2660 3775 „Nam

383 3813 510 3843 nunc
549 3805 748 3844 ecastor
795 3794 1038 3843 Bacchae
1077 3795 1247 3844 nullae
1286 3794 1493 3843 ludunt“
1531 3797 1676 3848 recte
1713 3793 1780 3846 ad
1808 3794 2167 3848 Bacchanalia
2199 3813 2382 3851 recens
2409 3815 2660 3868 oppressa

384 3882 631 3935 retulisse
707 3883 965 3948 actaeque
1020 3881 1230 3935 fabulae
1287 3885 1500 3950 tempus
1560 3885 1841 3952 propterea
1897 3883 1951 3933 iu
2008 3881 2139 3935 duos
2193 3884 2411 3938 ultimos
2467 3891 2660 3955 poetae

385 3967 595 4020 barbari
648 3966 844 4020 aetatis
895 3983 1061 4019 annos
1111 3970 1451 4036 protrusisse.
1541 3971 1683 4024 Nam
1722 3968 1994 4035 patefacta
2030 3968 2449 4025 Bacchanalium
2485 3974 2660 4043 turpi-

383 4053 569 4108 tudine
604 4052 1040 4122 gravissimisque
1075 4055 1259 4122 poenis
1295 4057 1486 4110 affecta
1522 4057 1860 4110 initiatorum
1899 4055 2245 4110 multitudine
2273 4057 2424 4111 valde
2464 4059 2657 4113 dubito

382 4157 509 4194 num
541 4140 753 4204 aedileS‚
791 4156 1016 4209 quorum
1054 4144 1185 4193 nota
1211 4147 1293 4195 est
1313 4141 1369 4193 iu
1394 4141 1771 4209 psrcensendis
1798 4141 2128 4194 scenicorum
2160 4143 2353 4197 fabulis
2381 4147 2657 4210 severita8‚

382 4227 695 4296 permissuri
742 4226 958 4285 fuerint.
1013 4229 1075 4279 ut
1122 4226 1435 4279 tristissima
1479 4226 1593 4280 eius
1634 4228 1712 4279 rei
1748 4226 2044 4281 recordatio
2084 4229 2410 4283 comicorum
2451 4229 2656 4285 lusibus

381 4312 857 4381 redintegraretur.
