3028 4990
1307 317 1682 378 -6-

362 504 486 565 644
528 522 664 585 sqq.
715 503 854 564 655.
906 502 1074 584 671),
1138 522 1300 585 quae
1363 502 1641 585 benigne
1707 520 1814 564 eas
1872 502 2133 584 accepit,
2202 502 2309 564 dat
2354 521 2623 584 operam.

358 621 609 684 Deinde
650 623 813 686 duae
859 621 1003 683 illae
1049 621 1347 684 mulieres
1393 621 1504 684 ubi
1549 622 1867 701 lenonem,
1898 620 2004 683 cui
2035 623 2324 684 serviunt
2356 623 2628 700 coactae,

362 746 424 804 et
481 744 698 824 ipsum
755 741 1002 804 salvum
1058 740 1278 802 vident
1336 743 1859 824 appropinquare,
1917 741 1994 802 ad
2042 741 2312 803 Veneris
2373 741 2627 822 signum

363 861 740 944 confugiunt
783 861 1053 923 salutem
1100 862 1388 941 petentes
1434 861 1602 942 (560.
1656 860 1795 921 648.
1848 861 1986 921 673.
2037 861 2222 940 689);
2284 863 2506 943 postea
2549 857 2627 921 ab

363 1000 437 1043 eo
482 983 547 1042 vi
594 979 885 1063 abreptae
932 998 1103 1042 aram
1145 979 1299 1042 deae
1344 983 1410 1042 in
1459 998 1651 1041 scena
1697 979 2058 1042 collocatam
2108 981 2256 1061 (690
2293 999 2428 1063 sqq.
2467 979 2629 1040 1333

368 1104 529 1182 sqq.)
596 1100 953 1182 amplexam
1023 1103 1244 1161 tenent
1306 1101 1505 1181 ipsam
1566 1103 1633 1161 ut
1695 1101 1756 1160 in
1823 1099 2210 1162 custodelam
2255 1118 2437 1161 suam
2488 1117 2630 1160 sese

362 1221 626 1302 recipiat
676 1220 1107 1305 imploranteS,
1152 1219 1343 1281 fretae
1396 1219 1556 1297 asyli
1608 1220 1747 1281 iure
1793 1218 2049 1282 Graecis
2099 1224 2336 1300 sancto,
2380 1216 2458 1281 de
2505 1238 2631 1300 quo

365 1343 472 1423 egi
524 1342 595 1402 in
657 1358 936 1402 excursu
992 1338 1037 1399 Ι.
1132 1337 1414 1400 Eandem
1464 1328 1724 1399 Veneris
1771 1358 1941 1400 aram
1989 1344 2350 1422 tangentem
2399 1339 2630 1422 Gripus

365 1479 747 1524 conservum
792 1477 981 1522 suum
1029 1457 1472 1520 iusiurandum
1521 1457 1726 1519 facere
1770 1456 1947 1519 iubet
1966 1457 2019 1538 *)
2067 1460 2257 1541 (1333
2299 1463 2460 1543 sqq.)
2509 1459 2632 1521 sol-

369 1580 663 1642 lemniter
705 1576 900 1640 verba
947 1578 1242 1657 praeiens
1289 1575 1622 1657 (Similiter
1664 1574 1735 1636 fit
1779 1575 1993 1659 Eurip.
2040 1577 2238 1662 Iphig.
2289 1577 2473 1641 Taur.
2512 1579 2632 1640 743

369 1718 502 1781 sqq.
550 1702 613 1760 et
654 1698 971 1780 Aristoph.
1008 1696 1154 1777 Lys.
1193 1697 1314 1758 209
1348 1699 1509 1778 sqq.)
1558 1694 1949 1758 Creberrime
1995 1699 2181 1760 etiam
2222 1686 2290 1761 in
2318 1696 2635 1785 Rudente,

371 1818 519 1900 quia
567 1815 812 1896 Cyrene
871 1823 969 1879 est
1021 1818 1198 1879 locus
1250 1813 1499 1876 fabulae
1560 1833 1863 1896 mareque
1921 1818 1989 1878 in
2049 1821 2421 1901 argumento
2468 1817 2634 1880 haud

368 1937 547 2020 parvi
592 1938 918 2018 momenti,
975 1936 1313 2018 Neptunus
1369 1937 1912 1997 commemoratur.
2004 1935 2080 1998 In
2126 1939 2262 2020 ipso
2307 1939 2488 2000 initio
2533 1956 2637 1999 co-

371 2059 656 2121 moediae
686 2057 1070 2136 DaemoneS,
1114 2057 1298 2116 cuius
1342 2053 1495 2116 villa
1537 2073 1741 2135 aeque
1786 2074 1857 2117 ac
1887 2053 2157 2118 Veneris
2190 2058 2411 2120 fanum
2440 2077 2634 2140 prope

370 2198 542 2241 mare
588 2179 706 2240 sita
748 2180 863 2257 est,
909 2176 1316 2258 conqueritur
1362 2175 1530 2256 quod
1559 2173 1903 2256 Neptunus
1950 2181 2134 2238 nocte
2177 2179 2470 2259 proxima
2513 2177 2637 2239 sibi

372 2297 615 2360 miserit
656 2298 1113 2378 tempestatem,
1161 2313 1323 2377 quae
1374 2295 1451 2356 de
1497 2298 1658 2359 tecto
1692 2296 1918 2357 domus
1951 2313 2107 2357 suae
2138 2314 2361 2358 omnes
2389 2297 2637 2379 tegulas

371 2416 812 2480 deturbaverit.
907 2416 1143 2478 Eadem
1201 2418 1572 2498 tempestate
1629 2435 1775 2478 cum
1839 2417 2045 2494 naviS,
2108 2435 2235 2498 qua
2297 2415 2439 2477 leno
2491 2433 2640 2476 cum

367 2539 603 2601 familia
649 2557 765 2600 sua
805 2536 1175 2616 vehebatur,
1240 2538 1559 2598 interiisse
1604 2537 1865 2616 dicatur,
1926 2534 2263 2618 Neptunus
2306 2542 2380 2600 ut
2424 2539 2639 2599 auctor

374 2659 684 2741 naufragii
728 2662 790 2720 ct
833 2676 869 2719 a
910 2656 1140 2717 lenone
1173 2656 1441 2737 eiusque
1476 2654 1812 2718 comitibus
1859 2654 1954 2729 (cf.
1988 2657 2112 2717 485
2145 2675 2281 2739 sqq.
2320 2656 2457 2718 527.
2496 2656 2635 2717 588.

373 2778 521 2860 699)
564 2779 926 2860 increpatur
942 2776 1036 2855 **)
1083 2780 1145 2838 ct
1190 2775 1267 2837 ab
1313 2775 1591 2837 inimicis
1624 2776 1786 2854 eiUS,
1834 2776 1946 2857 qui
1979 2776 2260 2858 gaudent
2287 2777 2466 2839 illum
2500 2793 2641 2856 per·

515 3048 572 3115 ³³)
626 3047 784 3100 Hunc
826 3061 1043 3107 morem,
1091 3045 1146 3096 in
1185 3044 1408 3096 iurando
1445 3060 1593 3096 aram
1631 3044 1907 3112 tangendi,
1959 3061 2116 3113 quem
2157 3044 2281 3097 inde
2318 3061 2350 3097 a
2387 3047 2643 3099 Cicerone

375 3133 462 3199 (cf.
499 3149 595 3201 pro
636 3132 831 3185 Flacco
871 3130 956 3194 36,
995 3131 1090 3195 90)
1142 3133 1355 3197 saepius
1402 3129 1544 3198 apud
1580 3131 1848 3184 Romanos
1899 3133 2145 3184 auctores
2195 3131 2510 3194 invenimus,
2554 3134 2643 3196 (ut

374 3219 536 3285 Verg.
575 3218 707 3270 Aen.
744 3216 870 3280 XII,
908 3215 1025 3268 210.
1065 3215 1301 3268 Iuvenal.
1340 3215 1496 3276 XIII,
1536 3216 1619 3270 89.
1661 3216 1807 3278 XIV,
1847 3217 1990 3283 218),
2027 3217 2160 3269 satis
2198 3233 2313 3269 sero
2352 3234 2380 3269 e
2418 3217 2642 3270 Graecia

374 3305 601 3356 Romam
636 3306 997 3372 propagatum
1034 3319 1146 3355 esse
1184 3305 1335 3370 patet
1375 3319 1436 3356 ex
1474 3304 1584 3356 Cic.
1624 3319 1719 3371 pro
1758 3302 1907 3355 Balb.
1938 3306 1968 3355 5
2009 3320 2211 3371 „quum
2250 3302 2463 3370 quidem
2501 3300 2644 3368 apud

374 3406 463 3443 eos
512 3389 882 3442 testimonium
935 3388 1158 3441 dixisset
1205 3391 1275 3452 et,
1330 3392 1390 3441 ut
1436 3405 1550 3441 mos
1589 3388 1912 3442 Graecorum
1962 3392 2061 3452 est,
2111 3388 2326 3441 iurandi
2375 3402 2536 3440 causa
2575 3385 2644 3439 ad

374 3492 493 3528 aras
531 3474 857 3528 accede1·et“.
934 3474 1198 3539 Quoniam
1237 3475 1378 3528 enim
1416 3475 1579 3527 etiam
1608 3475 1853 3528 Ciceroni
1882 3475 2239 3528 necessarium
2268 3472 2478 3526 videtur
2501 3473 2646 3526 hunc

375 3562 547 3614 ritum
597 3564 979 3613 memorantem
1023 3560 1284 3614 Graecum
1334 3577 1446 3613 esse
1486 3560 1714 3624 adicere,
1765 3563 1822 3613 in
1856 3561 2141 3630 propatulo
2181 3564 2264 3614 est
2303 3577 2423 3614 eum
2460 3560 2646 3613 Plauti

373 3627 705 3716 tempdribus
777 3646 1035 3699 Romanis
1110 3646 1345 3699 nondum
1417 3646 1581 3699 fuisse
1652 3649 1709 3700 in
1783 3665 1897 3700 usu.
2007 3646 2393 3699 vetustissima
2474 3646 2647 3714 igitur

314 3747 341 3770 ⁶
376 3734 469 3786 illa
515 3734 616 3797 lex,
670 3749 804 3801 quae
854 3733 952 3786 sub
1001 3734 1209 3786 Numae
1262 3734 1475 3786 nomine
1516 3734 1818 3787 ferebatur:
1873 3733 2102 3796 „Paelex
2141 3734 2358 3786 Iunonis
2395 3749 2542 3786 aram
2580 3750 2646 3786 ne

376 3820 629 3887 tangito“
685 3819 778 3886 (cf.
819 3819 966 3872 Fest.
1007 3819 1124 3880 222,
1162 3821 1208 3871 3.
1265 3821 1399 3875 Gell.
1437 3821 1535 3883 IV,
1571 3822 1648 3886 3),
1706 3818 1979 3872 referenda
2016 3822 2099 3872 est
2136 3837 2240 3872 non
2278 3819 2345 3871 ad
2380 3818 2647 3872 iusiuran-

377 3905 522 3968 dum,
576 3905 669 3958 sed
705 3904 770 3958 ad
807 3905 1141 3973 precationes
1179 3907 1234 3957 et
1268 3905 1708 3974 supplicationem,
1762 3905 1818 3957 in
1856 3905 2047 3973 quibus
2084 3922 2199 3958 mos
2237 3908 2353 3959 erat
2390 3906 2647 3958 Romanis

376 4009 496 4045 aras
536 3993 806 4060 amplecti,
846 3992 911 4044 cf.
934 3991 1095 4057 Verg.
1124 3992 1255 4043 Aen.
1284 3994 1335 4054 4,
1363 3993 1464 4043 219
1501 4007 1624 4044 cum
1655 3991 1797 4044 Serv.
1829 3994 1885 4044 et
1912 3992 2064 4044 Varr.
2094 4008 2178 4060 ap.
2206 3991 2437 4045 Macrob.
2465 3992 2515 4054 3,
2532 3991 2581 4054 2,
2598 3993 2647 4043 8.

520 4079 609 4145 **)
659 4079 703 4131 Ε
744 4078 1013 4131 contrario
1050 4077 1165 4129 fieri
1203 4077 1341 4130 solet
1375 4079 1435 4129 in
1470 4077 1737 4145 palliatae,
1786 4082 1847 4130 ut
1884 4081 1976 4145 qui
2010 4094 2263 4147 prospera
2302 4077 2649 4144 navigatione

378 4168 463 4220 usi
511 4166 622 4217 sint
668 4165 875 4231 gratias
927 4165 1095 4230 agant
1144 4165 1240 4215 aut
1283 4162 1537 4231 Neptuno
1591 4163 1684 4228 (cf.
1726 4164 1886 4217 Most.
1923 4166 2027 4216 416
2064 4179 2143 4232 sq.
2207 4165 2353 4217 Trin.
2394 4164 2499 4218 820
2534 4178 2647 4231 sqq.

380 4253 551 4307 Stich.
592 4251 693 4304 402
733 4254 839 4317 sq.)
887 4252 983 4302 aut
1031 4248 1111 4305 dis
1160 4250 1349 4317 patriis
1403 4250 1495 4314 (cf.
1536 4250 1648 4302 Mil.
1685 4250 1791 4303 411
1828 4267 1942 4318 sqq.
1993 4250 2190 4303 Bacch.
2231 4250 2380 4318 347),
2430 4253 2484 4302 et
2526 4265 2650 4317 pro-

381 4338 570 4406 pinqui
605 4353 700 4406 pro
739 4337 914 4388 salute
953 4352 1134 4389 eorum
1172 4352 1324 4390 sacra
1360 4335 1562 4390 faciant
1600 4335 1694 4404 (cf.
1736 4336 1905 4390 Stich.
1937 4335 2054 4389 396.
2092 4336 2248 4405 Epid.
2278 4337 2381 4390 414
2417 4338 2579 4404 sqq.).
