3028 4990
1226 334 1642 395 -43-

246 515 470 576 nitatis
499 565 515 595 ,
588 521 678 579 ut
738 520 823 580 ita
875 517 1076 581 dicam
1098 569 1113 599 ,
1172 520 1384 602 specie
1429 519 1677 599 decepti
1739 519 2186 601 antiquitatum
2233 519 2570 599 scriptores

243 630 693 715 (Marquardt
723 635 846 698 V12
898 658 958 720 p.
1006 639 1151 717 389,
1211 639 1276 718 9)
1346 639 1558 701 locum
1616 638 1798 700 illum
1853 642 1928 699 ut
1979 634 2308 700 Romanae
2369 655 2570 718 augu-

240 753 430 815 randi
480 754 892 838 disciplinae
937 758 1265 838 specimen
1300 776 1555 839 semper
1595 756 1911 819 efferunt?
1958 755 2432 819 Confirmaruut
2469 756 2571 816 in-

242 889 446 953 super
496 892 802 937 errorem
841 875 967 938 duo
1012 876 1134 938 loci
1178 874 1577 937 Ciceroniani
1622 875 1701 937 de
1746 875 1942 936 divin.
1991 873 2044 955 Ι,
2099 876 2155 954 7,
2204 876 2282 936 12
2319 872 2568 955 „Quare

241 993 506 1054 omittat
569 1013 814 1077 urgere
860 994 1240 1074 Carneades,
1284 994 1453 1077 quod
1503 993 1774 1056 faciebat
1816 994 2004 1056 etiam
2049 992 2426 1072 PanaetiuS,
2468 1011 2569 1054 re-

243 1111 534 1191 quirens
575 1111 962 1195 Iuppiterne
993 1116 1312 1177 cornicem
1342 1114 1604 1192 alaeva,
1652 1131 1916 1175 corvum
1963 1111 2041 1174 ab
2087 1111 2312 1173 dextra
2339 1128 2568 1174 canere

241 1227 621 1293 iussisset&
686 1238 747 1295 et
806 1232 886 1294 ib.
950 1234 1053 1313 39,
1110 1235 1192 1295 85
1256 1232 1447 1315 „quid
1502 1252 1708 1314 augur
1746 1229 2022 1313 (habet),
2082 1248 2196 1293 cur
2255 1250 2294 1292 a
2347 1229 2569 1292 dextra

243 1364 535 1432 corvu8,
614 1372 654 1413 a
714 1354 974 1415 sinistra
1025 1354 1251 1415 cornix
1310 1353 1495 1416 faciat
1553 1357 1759 1415 ratum
1775 1352 1844 1413 1³⁸⁶
1893 1370 1929 1413 e
1975 1348 2234 1433 quibuS,
2300 1349 2355 1410 si
2399 1352 2568 1410 recte

248 1469 611 1550 aestimas,
660 1471 758 1532 vel
807 1472 1191 1533 contrarium
1222 1472 1512 1554 efficitur,
1560 1461 1864 1536 Graecam
1896 1489 2040 1534 esse
2077 1468 2251 1531 illam
2284 1466 2566 1548 discipli-

248 1602 424 1647 nam.
537 1587 736 1663 Quod
796 1593 966 1653 enim
1023 1588 1411 1672 CarneadeS,
1469 1591 1828 1655 academiae
1864 1592 2194 1674 princepe,
2253 1587 2366 1669 qui
2406 1585 2568 1647 divi-

254 1709 616 1772 nationem
657 1731 726 1773 re
773 1730 923 1773 vera
961 1730 1105 1773 esse
1138 1709 1406 1793 negabat
1451 1712 1547 1790 (cf.
1597 1712 1676 1775 de
1721 1712 1847 1774 djv.
1896 1709 1947 1791 1,
1991 1712 2053 1790 4,
2101 1709 2184 1791 7),
2215 1712 2279 1771 et
2317 1705 2564 1770 Panae-

252 1825 410 1907 tius,
458 1827 834 1892 Stoicorum
882 1831 1488 1914 praestantissimuS,
1532 1833 1644 1914 qui
1682 1837 1897 1893 tamen
1941 1829 2019 1892 ab
2065 1831 2183 1891 hac
2226 1828 2567 1910 disciplina

260 1943 345 2005 ita
390 1951 724 2029 recessit,
781 1959 852 2011 ut
906 1950 985 2012 de
1034 1949 1366 2012 divinandi
1430 1952 1497 2011 vi
1544 1950 1860 2014 dubitaret
1903 1949 1975 2032 (Ι,
2019 1952 2078 2028 4,
2120 1950 2221 2030 6»,
2277 1950 2566 2011 unanimi

265 2063 444 2128 illam
515 2089 716 2151 quam
774 2068 997 2132 Cicero
1059 2071 1246 2132 refert
1304 2072 1747 2153 quaestionem
1806 2070 2106 2133 dicuutur
2171 2071 2443 2151 ursisse,
2502 2069 2566 2132 id

268 2201 395 2263 quo
480 2188 681 2251 modo
745 2191 1004 2272 cogitaii
1071 2196 1276 2272 potest
1337 2192 1463 2253 nisi
1530 2195 1747 2254 contra
1801 2191 2129 2272 vulgarem
2207 2187 2562 2251 Stoicorum

271 2300 641 2371 doctrinam
694 2327 803 2371 eos
858 2311 1135 2372 fecisse?
1194 2309 1441 2394 Nempe
1508 2310 1587 2373 ob
1642 2311 1804 2372 hanc
1863 2326 2121 2371 causam
2175 2305 2561 2369 Posidonius

270 2419 557 2511 Stoicus,
605 2448 799 2512 quem
837 2431 1162 2495 Ciceronis
1207 2434 1273 2494 in
1322 2431 1483 2494 libro
1524 2429 1572 2492 I.
1615 2430 1692 2492 de
1723 2428 1848 2490 div.
1892 2428 2132 2493 fontem
2173 2427 2374 2490 fuisse
2404 2429 2561 2491 mihi

275 2544 581 2621 probavit
631 2549 963 2614 Schichius
1006 2551 1140 2633 „De
1184 2552 1465 2617 fontibus
1511 2552 1814 2614 librorum
1861 2550 2207 2632 Ciceronis,
2259 2552 2368 2633 qui
2417 2559 2566 2614 sunt

283 2661 357 2725 de
389 2666 855 2751 divinatione“,
896 2671 1098 2735 Jenae
1147 2674 1261 2735 187
1270 2674 1327 2754 5,
1365 2671 1753 2736 Carneadem
1793 2677 1855 2734 et
1883 2670 2257 2734 Panaetium
2292 2670 2564 2734 refutare

283 2785 520 2870 studet,
564 2789 736 2872 quod
782 2793 983 2873 ipsius
1030 2797 1364 2875 sectaeque
1411 2811 1565 2855 suae
1610 2792 1688 2855 de
1747 2793 2138 2854 divinatione
2181 2793 2563 2855 sententiam

283 2899 837 2991 impugnaverant.
902 2910 1217 2975 Videntur
1260 2915 1469 2975 autem
1516 2914 1657 2993 ipsa
1686 2911 1858 2973 corvi
1891 2917 1953 2974 et
1980 2912 2251 2973 cornicis
2298 2912 2564 2993 auguria

286 3020 350 3082 iu
401 3025 794 3091 Graecorum
839 3032 1267 3113 οἰωνοσκοπίᾳ,
1330 3052 1524 3114 quam
1582 3030 1931 3094 tractabant
1986 3029 2340 3094 Stoicorum
2399 3030 2564 3111 libri,

288 3142 603 3227 aliquanti
662 3153 965 3213 momenti
1016 3152 1246 3230 fuisse3
1320 3156 1388 3214 ut
1448 3154 1625 3216 enim
1679 3173 1715 3214 a
1759 3151 2080 3215 Carneade
2141 3157 2200 3215 et
2260 3149 2563 3214 Panaetio

295 3270 706 3330 nominantur
747 3274 813 3333 ut
861 3272 1115 3354 insigne
1158 3272 1352 3333 totius
1397 3274 1652 3354 generis
1694 3272 2083 3355 exemplum,
2127 3274 2214 3335 ita
2251 3272 2440 3335 etiam
2483 3271 2561 3334 ab

293 3383 564 3451 Arriano
608 3387 807 3471 Epict.
838 3391 889 3472 Ι,
931 3393 1133 3472 17,18
1165 3411 1256 3473 sq.
1321 3383 1500 3469 ,,οὐδὲ
1543 3387 1655 3477 γὰρ
1707 3392 2053 3478 Χρυσίππου
2098 3392 2299 3476 χρείαν
2348 3394 2566 3476 ἔχομεν

294 3492 360 3563 δι’
432 3499 646 3585 αὐτόν,
702 3506 832 3569 ἀλλ’
896 3511 988 3571 ἵνα
1030 3502 1668 3596 παρακολουθήσωμεν
1711 3515 1787 3591 τῇ
1836 3502 2035 3595 φύσει·
2097 3502 2237 3572 οὐδὲ
2281 3505 2392 3597 γὰρ
2453 3513 2564 3570 τοῦ

296 3615 485 3689 θύτου
543 3619 611 3688 δι’
673 3622 886 3706 αὐτόν,
940 3626 1069 3690 ἀλλ’
1141 3628 1238 3692 ὅτι
1306 3623 1373 3692 δι’
1435 3632 1655 3693 ἐκείνου
1717 3621 2107 3699 κατανοήσειν
2162 3622 2420 3713 οἰόμεθα
2484 3621 2566 3688 τὰ

296 3740 624 3822 μέλλοντα·
683 3739 824 3808 οὐδὲ
878 3754 1002 3808 τῶν
1059 3741 1422 3834 σπλάγχνων
1477 3742 1547 3811 δι’
1623 3741 1812 3829 αὐτά,
1871 3747 2001 3810 ἀλλ’
2057 3749 2153 3810 ὅτι
2201 3743 2268 3809 δι’
2328 3746 2564 3810 ἐκείνων

299 3866 671 3948 σημαίνεται·
735 3860 875 3929 οὐδὲ
934 3862 1039 3930 τὸν
1094 3860 1322 3954 κόρακα
1380 3861 1774 3954 θαυμάζομεν
1815 3863 1852 3938 ἦ
1897 3862 2008 3930 τ-ῗπν
2052 3858 2329 3955 κορώνην,
2403 3860 2563 3927 ἀλλὰ

295 3976 398 4044 τὸν
457 3982 603 4049 θεὸν
667 3989 1027 4071 σημαίνοντα
1085 3980 1186 4066 διὰ
1240 3980 1533 4066 τούτωνιι,
1606 3988 1717 4051 ubi
1789 3990 2100 4052 Arrianus
2174 4008 2319 4051 cum
2378 3992 2564 4050 antea

299 4171 348 4226 in
386 4178 528 4231 hunc
567 4194 719 4230 usum
759 4178 1261 4230 commemoratione
1299 4179 1607 4245 collegeris:
1669 4178 1912 4231 undecim
1955 4179 2195 4246 exempla
2230 4175 2563 4230 enumeravit

301 4257 507 4317 Lorenz.
546 4265 705 4317 Most.
762 4266 924 4333 praef.
986 4264 1105 4318 adn.
1161 4268 1247 4318 43.
1283 4267 1394 4319 Mil.
1456 4266 1620 4333 praef.
1677 4266 1795 4319 adn.
1834 4264 1917 4321 23.
2007 4267 2198 4324 Pseud.
2239 4266 2367 4326 5233
2422 4260 2563 4331 apud

303 4344 525 4405 Graecos
562 4352 705 4404 hunc
742 4369 896 4406 usum
932 4354 1131 4408 frustra
1167 4353 1417 4424 quaesivi.
