3028 4990
1349 293 1765 353 —22—

422 470 628 549 Πανὸς
670 468 879 560 ἄντρον
923 475 983 535 ἐν
1028 474 1299 563 Μακραῖς
1341 477 1516 562 (Eur.
1553 476 1687 540 lon.
1723 478 1821 557 13)
1867 480 1930 539 et
1970 474 2215 538 Silvani
2259 475 2474 537 lucum
2514 477 2704 537 extra

423 596 643 658 urbem
690 597 925 657 avium.
1016 594 1238 658 Merito
1286 597 1475 677 istud,
1523 599 1785 659 interest
1827 596 1995 658 haud
2037 615 2281 677 parum.
2374 593 2498 657 Sed
2544 613 2701 656 cum

422 715 667 777 Silvani
733 733 965 775 nomeu
1032 734 1146 795 pro
1216 709 1424 787 ΙΙανὸς
1475 714 1739 779 Plautus
1799 719 2152 799 usurparet,
2224 715 2587 778 necessario
2637 713 2706 775 ei

422 854 580 917 opus
626 833 745 895 fuit
789 834 977 896 etiam
1023 834 1233 897 locum
1275 836 1393 898 deo
1441 840 1754 899 sacratum
1820 836 2191 911 immutare3
2257 834 2412 917 quid
2476 837 2706 896 autem

422 955 628 1035 aptius
659 952 906 1017 horrido
938 954 1218 1035 SilvanO,
1267 973 1458 1037 quem
1492 955 1808 1017 delectant
1838 954 2142 1016 silvarum
2175 953 2454 1034 dumeta,
2499 971 2708 1034 quam

421 1072 605 1136 lucus
648 1077 828 1135 extra
871 1093 1123 1136 murum
1172 1075 1377 1153 aviuS,
1423 1074 1643 1156 quales
1693 1076 1831 1135 sine
1876 1074 2005 1136 ulla
2042 1074 2472 1135 controversia
2498 1091 2709 1154 prope

428 1190 648 1253 urbem
698 1191 800 1253 vel
847 1193 1203 1275 complures
1251 1194 1678 1256 exstiterunt?
1767 1192 1861 1255 Ita
1908 1211 1987 1255 ex
2037 1193 2331 1254 versione
2373 1191 2482 1253 illa
2524 1191 2711 1253 loco-

421 1331 563 1374 rum
622 1313 955 1374 diversitas
1018 1330 1085 1373 se
1130 1312 1602 1394 ipsa‘declarat.
1692 1314 1791 1375 Ad
1839 1313 2108 1375 eandem
2154 1311 2547 1374 Athenarum
2594 1329 2709 1371 re-

423 1433 675 1514 gionem
752 1434 975 1512 poetae
1029 1432 1296 1494 consilio
1348 1432 1640 1495 ducimur
1691 1435 1757 1495 in
1814 1431 2257 1511 BacchidibuS,
2307 1428 2415 1491 ubi
2464 1449 2524 1490 v.
2568 1430 2708 1491 900

425 1550 766 1631 Chrysalus
813 1570 1039 1615 servus
1085 1552 1530 1616 Cleomachum
1587 1554 1850 1615 militem
1890 1553 2259 1636 gloriosum,
2325 1550 2437 1631 qui
2490 1567 2708 1611 mere-

422 1672 714 1735 triculam
758 1672 881 1735 sibi
925 1677 1188 1754 nuptam
1237 1674 1547 1755 quaeritat
1589 1673 1759 1735 domi
1805 1671 2120 1752 Nicobuli,
2169 1671 2278 1733 ubi
2324 1690 2470 1733 cum
2521 1690 2706 1733 ama-

422 1797 553 1854 tore
600 1792 962 1873 concubuit,
1027 1793 1145 1854 hoc
1207 1793 1543 1855 mendacio
1590 1792 1665 1855 ab
1714 1791 1979 1855 aedibus
2024 1792 2149 1854 illis
2203 1810 2414 1854 arcere
2464 1792 2705 1873 studet,

428 1914 497 1973 ut
539 1897 719 1974 dicat‘
752 1931 892 1974 eam
938 1915 1001 1974 in
1052 1932 1259 1975 arcem
1308 1911 1543 1974 abiisse
1609 1912 1901 1985 „aedem
1966 1912 2175 1973 vis-sere
2241 1910 2699 1973 Minervae&

421 2028 637 2093 Potest
668 2031 927 2114 quidem
960 2031 1118 2111 fieri,
1167 2036 1235 2094 ut
1264 2030 1555 2096 Romana
1593 2031 1926 2095 multitudo
1958 2032 2231 2112 indocta,
2265 2051 2427 2114 quae
2458 2032 2699 2095 fabulis

423 2148 736 2213 Plautinis
804 2170 989 2213 aures
1060 2151 1412 2234 praebebat,
1483 2153 1853 2235 cogitaverit
1910 2151 1987 2213 de
2039 2151 2198 2212 cella
2251 2150 2577 2213 Minervae
2624 2153 2700 2213 in

425 2268 577 2331 aede
622 2267 794 2331 Iovis
842 2269 1206 2351 Capitolini3
1252 2291 1398 2334 nam
1445 2272 1718 2354 profecto
1765 2270 2141 2354 Capitolium
2187 2272 2381 2332 etiam
2426 2290 2540 2332 arx
2586 2290 2700 2352 ap-

422 2387 652 2471 pellata
695 2393 790 2451 est
835 2390 933 2471 (cf.
969 2389 1624 2474 Becker-Marquardt,
1671 2394 1794 2453 ant.
1827 2389 2011 2453 Rom.
2042 2388 2125 2470 Π,
2171 2410 2227 2472 p.
2256 2390 2378 2452 385
2413 2391 2578 2472 sqq.)
2609 2424 2696 2433 —-

425 2528 809 2591 quamquam
874 2511 1057 2572 valde
1117 2511 1333 2573 dubito
1395 2532 1549 2574 num
1614 2513 1956 2574 meretricii
2013 2513 2267 2594 generis
2315 2509 2695 2573 mulieribus

425 2626 694 2689 Romani
757 2632 884 2690 tam
942 2631 1101 2691 sacri
1157 2632 1543 2712 augustique
1604 2629 1728 2692 loci
1794 2631 2066 2694 adeundi
2114 2633 2484 2713 potestatem
2529 2631 2694 2690 fece-

425 2719 580 2827 rint3
630 2748 741 2810 sed
786 2749 1081 2811 cultiores
1116 2753 1533 2831 spectatorum
1568 2750 1967 2833 Graecasque
1998 2751 2210 2813 literas
2242 2750 2495 2813 edoctos
2526 2755 2694 2811 certe

428 2886 555 2929 non
600 2868 760 2949 fugit
803 2872 1050 2951 poetam
1096 2868 1395 2932 Latinum
1438 2871 1557 2933 hoc
1602 2872 1893 2934 hausisse
1926 2890 2009 2932 ex
2043 2869 2372 2933 Menandri
2416 2868 2510 2940 Δὶς
2556 2858 2694 2939 ἑξα-

424 2991 759 3065 πατῶντος,
824 2987 1212 3051 Bacchidum
1278 2990 1596 3071 exempIO,
1660 2990 1766 3052 ubi
1823 2991 2059 3072 legerat
2102 2989 2380 3072 puellam
2424 2990 2491 3050 in
2538 2990 2694 3051 tem·

424 3107 605 3187 plum
658 3104 915 3179 Ἀθηνᾶς
960 3098 1274 3179 Πολιάδος
1317 3108 1376 3167 ἐν
1420 3099 1745 3194 ἀκροπόλει
1789 3110 2190 3190 Atheniensi,
2254 3129 2380 3191 qna
2421 3111 2491 3170 in
2536 3105 2693 3170 urbe

425 3226 702 3288 fabulam
765 3228 866 3309 agi
928 3230 1142 3288 auctor
1199 3227 1569 3290 iamdudum
1631 3228 2019 3292 indicaverat
2082 3230 2181 3307 (cf.
2233 3228 2356 3290 235
2412 3228 2571 3301 „Ibo
2634 3227 2695 3287 in

429 3346 788 3426 Piraemffl)
833 3347 925 3408 rei
971 3347 1225 3410 divinae
1271 3367 1463 3410 causa
1508 3349 1892 3411 ascendisse.

594 3464 739 3527 Non
801 3466 1030 3547 locum,
1093 3469 1204 3530 sed
1264 3469 1429 3530 diem
1494 3467 1885 3530 sollemniter
1938 3467 2014 3530 ab
2054 3467 2560 3531 Atheniensibus
2608 3486 2692 3529 sc.

427 3588 727 3648 matronis
771 3585 1175 3667 celebratum,
1218 3591 1570 3670 reperimus
1615 3593 2177 3651 commemoratum
2214 3590 2280 3650 in
2322 3592 2693 3671 argumento

428 3706 815 3770 Aululariae.
906 3709 1092 3789 Apud
1162 3712 1403 3790 patrem
1474 3713 1715 3771 amatae
1777 3730 1813 3771 a
1881 3727 1948 3770 se
2010 3709 2257 3791 puellae
2319 3708 2694 3770 adulescens

430 3826 690 3907 quidam
736 3846 805 3889 se
849 3830 985 3910 ipse
1031 3833 1286 3892 accusat
1333 3830 1454 3892 794
1501 3848 1675 3911 sqq:
1737 3830 1920 3910 „1390
1964 3828 2249 3889 iniuriam
2280 3828 2497 3911 fecisse
2521 3825 2697 3910 filiae

413 3944 623 4028 j'ctteor
666 3955 800 4006 tuae
833 3947 1118 4008 Cereris
1167 3949 1439 4030 viyz'lz'is
1476 3971 1593 4031 per
1629 3950 1830 4009 vinum
1861 3959 2032 4030 atque
2064 3948 2322 4027 impulsu
2354 3946 2693 4008 adulescen-

426 4065 604 4124 ticze“.
695 4063 829 4127 Has
884 4064 1129 4129 Cereris
1189 4069 1443 4150 vigilias
1490 4091 1526 4132 a
1567 4070 1746 4131 fastis
1790 4067 2099 4132 Romanis
2145 4085 2407 4149 prorsus
2451 4066 2693 4128 alienas

430 4184 666 4246 Graeca
715 4175 1098 4270 Θεσμοφόρια
1158 4188 1584 4271 intellegenda
1636 4208 1778 4251 esse
1844 4208 1925 4250 nc
1991 4192 2234 4249 veteres
2292 4186 2547 4269 quidem
2606 4182 2696 4244 fe-

426 4303 584 4366 fellit
626 4305 1019 4387 interpreteS,
1062 4306 1132 4368 cf.
1180 4305 1555 4372 Taubmann
1601 4310 1668 4370 in
1719 4308 1993 4370 editione
2042 4307 2419 4370 Gruteriana
2464 4306 2645 4368 1621.
