3028 4990
1230 350 1654 412 -29—

307 536 498 600 habet
537 538 616 600 de
663 535 1000 599 comitibus
1049 533 1316 599 Veneris
1364 537 1637 604 Amore
1688 537 1750 596 et
1791 531 2193 612 Cupidine.
2271 527 2360 591 Hi
2407 529 2574 591 enim

302 655 547 720 Romae
580 676 910 740 nunquam
935 656 1173 718 divinis
1219 653 1567 718 honoribus
1612 653 1926 735 perfuncti
1957 652 2301 734 viguerunt
2347 647 2579 709 solum-

304 777 494 839 modo
539 778 606 840 in
653 774 1040 839 carminibus
1086 779 1431 856 poetarum,
1478 775 1588 856 qui
1621 773 2006 835 Graecorum
2027 762 2231 852 ’Έρως
2265 773 2326 830 et
2347 763 2584 853 Ἵμερος

311 899 400 958 ita,
436 895 660 959 Latine
691 897 1101 959 transferrent
1123 895 1198 976 *).
1273 892 1372 955 Ab
1404 894 1631 955 Atticis
1676 892 1869 973 igitur
1910 888 2141 952 fabulis
2174 889 2266 950 illi
2297 890 2363 950 in
2395 886 2583 950 Plau-

307 1018 475 1078 tinas
514 1012 924 1098 irrepserunt,
969 1016 1105 1077 sive
1155 1014 1274 1075 soli
1319 1014 1731 1075 nominantur
1772 1012 1869 1089 (ut
1911 1009 2093 1071 Asin.
2149 1009 2267 1071 156
2344 1007 2585 1097 „fimus

309 1134 404 1196 hic
461 1144 611 1215 aput
663 1157 770 1196 2203
828 1145 908 1196 est
965 1134 1198 1194 animus
1242 1142 1374 1192 tuus
1435 1130 1598 1191 clavo
1646 1129 2009 1210 (lapidim's“
2035 1129 2166 1211 **),
2225 1128 2408 1191 Most.
2466 1128 2584 1189 135

310 1277 481 1335 „pro
523 1255 710 1315 imbre
754 1254 947 1314 Amor
989 1254 1251 1324 advenit3
1306 1253 1370 1312 Is
1412 1272 1593 1333 usque
1635 1250 1698 1310 in
1732 1259 1943 1330 pectus
1976 1248 2409 1328 Ῑοεεννπιαηιιυίι(ι
2434 1247 2588 1328 ***),

309 1375 386 1436 cf.
432 1374 516 1436 ib.
569 1374 705 1436 155.
769 1374 957 1437 Merc.
1007 1375 1147 1435 845.
1219 1371 1393 1436 PerS.
1439 1373 1492 1432 1.
1540 1373 1599 1431 4.
1647 1369 1743 1429 25.
1791 1366 1984 1431 Poen.
2035 1367 2116 1449 V,
2162 1369 2220 1448 3,
2268 1368 2365 1429 14.
2413 1364 2584 1429 Trin.

314 1495 439 1555 673
486 1498 646 1577 sqq.)
693 1497 831 1556 sive
868 1513 1015 1556 cum
1053 1493 1310 1556 Venere
1355 1491 1679 1554 coniuncti
1726 1492 1819 1569 (ut
1864 1487 2043 1550 Cure.
2093 1488 2130 1547 3
2175 1484 2352 1563 „Quo
2402 1485 2590 1546 Venus

322 1614 676 1696 Cupidoque.
711 1614 948 1694 inperat
975 1613 1294 1695 suadetque
1322 1602 1582 1684 Amor-⁶⁴,
1629 1609 1703 1672 cf.
1729 1610 1911 1671 Asin.
1948 1607 2090 1669 803.
2136 1604 2308 1668 Pers.
2342 1608 2423 1668 24
2447 1609 2587 1688 sq.).

495 1711 718 1816 Aeque
762 1734 1034 1816 Apollo
1083 1733 1241 1794 deus
1289 1734 1549 1793 omnino
1597 1729 1876 1791 Graecus
1924 1725 2159 1809 quibus
2204 1730 2376 1789 extat
2417 1726 2591 1788 locos

310 1875 351 1916 a
380 1852 604 1925 Plauto
650 1873 732 1917 ex
764 1854 991 1916 Atticis
1038 1850 1510 1934 exemplaribus
1555 1853 1842 1931 receptos
1886 1866 2030 1911 esse
2075 1848 2324 1910 ostendi
2364 1849 2585 1929 potest.

316 1974 404 2037 Ut
447 1976 557 2057 qui
600 1975 675 2037 ad
719 1974 1044 2036 oraculum
1089 1972 1525 2054 templumque
1571 1973 1712 2033 eius
1744 1968 2229 2032 celeberrimum
2275 1967 2594 2049 pertinent

312 2092 547 2155 Pseud.
608 2092 732 2155 480
793 2091 1019 2168 „Quod
1076 2092 1264 2163 scib0‚
1334 2090 1594 2171 Delphis
1648 2091 1755 2152 tibi
1810 2110 2164 2170 responsum
2220 2085 2463 2159 dicito“,
2532 2087 2595 2146 et

313 2213 467 2275 Aul.
512 2213 634 2274 394
678 2230 814 2294 sqq.
876 2211 1144 2291 „Apollo
1198 2231 1412 2293 quaeso
1468 2210 1707 2272 subveni
1757 2210 1844 2270 mi
1899 2219 2073 2291 atque
2115 2206 2374 2266 adiuva.-
2434 2206 2593 2266 Con-

295 2333 432 2416 fiye
473 2332 676 2413 saqitc's
703 2331 881 2414 fures
923 2330 1364 2392 thensaurarios
1380 2353 1401 2389 .·
1451 2329 1573 2406 Qui
1599 2330 1661 2390 in
1687 2351 1753 2392 re
1789 2329 1899 2390 tali
1940 2327 2074 2388 aliis
2116 2326 2241 2387 iam
2283 2323 2598 2385 subvenisti

314 2450 664 2526 antidlzac‘ss
727 2470 852 2534 quo
915 2450 1110 2514 alludi
1166 2450 1244 2513 ad
1292 2449 1616 2513 Gallorum
1679 2453 1748 2513 in
1797 2450 2126 2514 Graeciam
2189 2445 2595 2531 invasionem

318 2574 990 2655 oppugnationemque
1035 2570 1448 2653 Delphorum,
1495 2590 1656 2654 quos
1697 2574 1929 2634 mirum
1981 2573 2051 2633 in
2098 2567 2354 2630 modum
2399 2566 2598 2647 Apol-

318 2693 472 2754 linis
517 2692 760 2754 auxilio
805 2693 1120 2774 praesenti
1165 2694 1447 2753 servatos
1493 2709 1636 2753 esse
1663 2692 1830 2755 fama
1861 2691 2121 2773 ferebat,
2164 2688 2597 2769 Kiesslingius

322 2813 490 2875 Mus.
528 2811 730 2876 Rhen.
780 2813 877 2873 23.
925 2833 982 2895 p.
1013 2812 1137 2873 214
1183 2812 1518 2894 ingeniose
1561 2815 1907 2893 perspexit.
2003 2810 2180 2886 Quae
2226 2811 2439 2893 verba,
2484 2810 2597 2873 ubi

318 2934 601 3018 primum
645 2937 780 2995 acta
824 2937 921 2995 est
967 2952 1131 3015 quae
1174 2920 1545 2995 Aululariae
1592 2932 1894 3013 exemplo
1939 2933 2057 2994 fuit
2102 2933 2458 3013 comoedia,
2504 2951 2601 2995 re-

321 3055 492 3116 centi
559 3052 783 3115 Gallici
846 3053 1122 3114 nominis
1181 3055 1418 3115 terrore
1481 3052 1789 3134 perculsis
1846 3052 2078 3113 animis
2134 3070 2282 3113 cum
2328 3070 2599 3114 assensu

321 3178 493 3236 certe
536 3173 893 3256 plausuque
938 3175 1227 3236 omnium
1259 3176 1511 3255 accepta
1554 3175 1734 3234 sunt:
1786 3193 1822 3234 a
1853 3155 2077 3234 Plauto
2102 3174 2375 3256 eiusque
2419 3170 2599 3234 fabu-

324 3295 530 3357 larum
576 3292 1034 3376 spectatoribus
1077 3295 1451 3376 neutiquam
1497 3296 1842 3374 potuerunt
1886 3294 2185 3377 intellegi.
2227 3328 2310 3337 —
2340 3290 2477 3354 [am
2523 3291 2600 3353 de

328 3414 666 3477 Vulcano
722 3413 877 3475 mihi
937 3417 1287 3495 suppetunt
1337 3414 1463 3504 duo
1510 3408 1631 3474 loci
1679 3432 1839 3495 quos
1904 3416 2129 3495 opinor
2173 3413 2449 3475 Graecae
2494 3412 2602 3473 ha-

326 3534 569 3597 bendos
615 3535 896 3615 originis,
977 3533 1210 3615 Amph.
1247 3534 1364 3594 341
1420 3531 1775 3594 Mercurius
1823 3527 2070 3616 quaerit
2114 3553 2199 3595 ex
2247 3530 2448 3612 Sosia,
2493 3532 2603 3613 qui

330 3674 480 3718 cum
532 3655 773 3717 laterna
818 3672 1048 3716 cornea
1113 3654 1378 3715 incedit:
1452 3652 1630 3730 „Quo
1674 3652 1946 3713 ambulas
1989 3662 2071 3727 tu,
2117 3652 2223 3734 qui
2284 3650 2604 3712 Volcanum

473 3966 528 4031 *)
565 3964 639 4017 Et
685 3956 880 4032 Ἵμερος
934 3962 1146 4032 quidem
1203 3962 1398 4016 Latine
1449 3962 1662 4015 videtur
1729 3960 2009 4030 „Cupido“
2076 3960 2254 4014 dictus
2326 3977 2468 4026 esse,
2536 3959 2602 4015 cf.

327 4051 497 4104 Ennii
531 4052 688 4118 frgm.
725 4050 942 4103 Medeae
979 4050 1081 4102 216
1120 4066 1197 4118 sq.
1237 4066 1358 4103 cum
1396 4049 1583 4118 Eurip.
1621 4051 1686 4104 57
1725 4065 1802 4117 sq.

475 4137 556 4202 *ἢ
598 4138 751 4191 Clavi
786 4137 1022 4202 imagine
1061 4137 1254 4191 Graeci
1290 4138 1622 4191 denotabant
1658 4153 1720 4191 ea
1759 4152 1894 4205 quae
1932 4136 2158 4189 immota
2192 4139 2403 4191 starent
2438 4138 2601 4203 atque

328 4225 513 4287 infixa,
553 4225 618 4277 cf.
656 4224 847 4277 Aesch.
889 4224 1070 4291 Suppl.
1109 4225 1209 4276 907
1249 4225 1386 4290 ,ρῶν
1432 4219 1474 4275 δ’
1525 4218 1774 4292 ἐφήλωται
1819 4223 1980 4291 τορῶς
2024 4218 2214 4293 γόμφος
2260 4216 2498 4292 διαμπάξ,
2536 4218 2605 4281 ὠς

333 4308 487 4380 μένειν
522 4304 828 4378 ἀραρότως“.

476 4398 589 4464 ***)
618 4398 763 4450 Haec
788 4397 944 4450 verba
969 4398 1242 4452 continere
1267 4398 1478 4451 Danaes
1504 4396 1714 4450 fabulae
1740 4397 2189 4465 significationem
2216 4397 2273 4451 in
2298 4400 2481 4466 aperto
2504 4400 2600 4450 est.
