3028 4990
1326 323 1741 385 -58-

402 512 601 573 pauca
645 497 772 559 sint
815 501 1004 579 atque
1047 501 1241 565 verbo
1276 508 1477 588 magis
1523 529 1714 591 quam
1759 529 1827 573 re
1860 532 1896 573 a
1928 511 2181 575 Graecis
2227 514 2682 596 discrepantia.

403 607 568 683 Quid
613 612 856 695 igitur?
923 616 1153 681 Nonne
1195 627 1429 704 optimo
1478 629 1614 689 iure
1676 650 1756 694 ex
1804 631 2031 693 Atticis
2078 633 2421 695 comoediis
2465 639 2683 696 trans-

398 728 522 791 lata
567 750 709 794 esse
756 752 830 795 ea
886 737 1250 819 putabimus
1297 763 1498 827 quae,
1559 749 1709 828 quia
1764 751 1892 809 tam
1951 748 2025 809 ad
2071 745 2429 814 Romanam
2475 773 2680 835 quam

397 849 473 910 ad
516 849 817 916 Graecam
862 857 1238 940 religionem
1286 870 1589 946 spectant,
1634 887 1750 948 per
1794 885 1861 928 se
1894 865 2123 929 dubiae
2156 874 2307 930 sunt
2351 872 2616 953 originis
2643 873 2678 933 Ῥ

398 967 569 1042 Quin
627 990 770 1033 cum
832 975 899 1036 in
958 980 1272 1059 prioribus
1334 985 1719 1066 viderimUS,
1802 988 2096 1067 quotiens
2159 985 2423 1051 Plautus
2488 1009 2677 1071 pere-

392 1090 606 1170 grinas
663 1110 765 1154 res
812 1092 1032 1160 Latine
1094 1101 1456 1166 redditurus
1503 1105 1580 1166 ad
1636 1104 1964 1186 popularia
2015 1114 2363 1170 recurreret
2420 1112 2475 1171 si
2535 1129 2674 1172 non

394 1210 578 1302 paria-¹
612 1210 760 1292 illis,
803 1219 862 1275 at
909 1221 1074 1281 certe
1118 1221 1265 1301 plus
1314 1224 1613 1285 minusve
1661 1225 1923 1306 similia,
1970 1246 2184 1291 nonne
2230 1231 2420 1291 etiam
2460 1234 2676 1292 cetera

396 1344 480 1387 ex
538 1331 1009 1412 exemplaribus
1073 1338 1308 1402 detorta
1354 1361 1496 1405 esse
1546 1380 1622 1388 —
1670 1346 1789 1407 etsi
1836 1348 2045 1408 stricte
2092 1347 2508 1410 demonstrari
2552 1367 2674 1409 ne-

292 1465 301 1472 ·
397 1448 533 1527 quit
579 1486 655 1493 —-
701 1449 924 1535 nobis,
984 1462 1044 1517 et
1089 1477 1273 1540 spero
1305 1461 1482 1543 aliis,
1541 1464 2108 1547 persuadebimuS,
2165 1487 2329 1549 quae
2373 1464 2675 1531 Romana

395 1566 655 1647 quidem
700 1576 867 1654 sunt,
915 1575 1023 1636 sed
1071 1596 1215 1640 cum
1264 1582 1458 1644 simili
1488 1583 1701 1665 aliquo
1741 1584 1978 1648 Graeco
2010 1606 2183 1649 more
2217 1587 2316 1648 vel
2362 1589 2670 1669 opinione

393 1684 560 1747 haud
615 1690 827 1773 inepte
904 1702 1175 1776 possunt
1244 1671 1657 1783 comparari?
1703 1702 1864 1766 Rem
1933 1705 2257 1774 illustrabo
2317 1707 2663 1788 exemplis,

392 1803 619 1869 Pseud.
662 1810 740 1870 25
770 1830 860 1894 sq.
954 1815 1135 1888 „Has
1190 1819 1425 1901 quidem
1470 1821 1734 1904 (literas)
1788 1824 1895 1902 pol
1945 1826 2156 1906 erede,
2208 1826 2324 1887 nisi
2377 1826 2668 1909 Sibylla

390 1923 608 2005 leqerz't,
657 1929 1052 2011 Interpretari
1093 1937 1280 1999 alium
1298 1949 1533 2019 potesse
1561 1944 1913 2018 neminem“,
1959 1963 2341 2026 quamquam
2380 1945 2667 2026 Sibyllae

389 2041 694 2109 Romanis
725 2047 931 2114 Plauti
978 2060 1178 2119 aetate
1211 2060 1288 2122 ad
1319 2064 1660 2125 minimum
1705 2064 1867 2127 duae
1900 2068 2084 2127 notae
2131 2070 2326 2145 erant,
2374 2065 2667 2129 Cumana

390 2168 450 2226 et
494 2164 830 2233 Cimmeria
873 2176 937 2236 in
984 2175 1195 2259 Italia,
1267 2202 1457 2264 quam
1516 2170 1801 2247 Naevius
1863 2188 1930 2246 in
1989 2185 2166 2247 libris
2215 2183 2361 2246 belli
2429 2184 2662 2249 Punici

390 2290 828 2356 nomi11averat
889 2300 1066 2376 (teste
1129 2300 1413 2364 Varrone
1475 2323 1571 2384 ap.
1649 2303 1922 2368 Lactant.
1991 2307 2185 2367 instit.
2249 2304 2298 2385 Ι,
2360 2307 2397 2369 6
2471 2312 2661 2389 sqq),

383 2411 646 2490 perinde
691 2414 906 2478 licebit
947 2418 1024 2480 ad
1067 2422 1349 2485 Atticum
1381 2421 1592 2486 Plauti
1637 2425 1963 2507 exemplar
2004 2424 2235 2487 referre
2268 2429 2456 2508 atque
2489 2427 2661 2488 eius-

388 2530 530 2592 dem
575 2495 824 2600 fabulae
871 2540 993 2602 819
1021 2560 1159 2624 sqq.
1228 2544 1368 2617 „Ei
1407 2542 1666 2606 homines
1709 2567 1879 2605 cenas
1922 2545 2023 2606 ubi
2062 2555 2263 2606 cocunt
2292 2569 2469 2628 quom
2518 2569 2656 2608 con-

386 2649 573 2725 diunt,
639 2653 772 2715 Non
819 2660 1199 2722 condimentis
1246 2664 1544 2740 condiunt,
1608 2665 1711 2726 sed
1756 2666 1803 2726 S
1817 2665 2148 2745 triyibu8‚
2211 2664 2364 2727 Vivis
2408 2667 2658 2729 convivis

383 2769 653 2833 intestina
697 2778 802 2857 qui
843 2779 1139 2854 eoeedz'nt“‚
1203 2801 1349 2845 cum
1396 2783 1676 2866 Strigum
1732 2805 1968 2848 nomen
2015 2805 2086 2849 ac
2141 2789 2655 2869 superstitionem

388 2889 643 2955 Graecis
702 2915 842 2960 cum
905 2897 1210 2964 Romanis
1266 2905 1633 2966 communia
1687 2905 1887 2968 fuisse
1934 2906 2153 2968 doceat
2210 2905 2374 2968 Fest.
2422 2928 2478 2989 p.
2531 2909 2656 2970 314

386 3009 756 3097 „Stri[gem,
824 3027 886 3080 ut
933 3024 1017 3082 ait
1062 3022 1384 3106 Verri]uS,
1453 3023 1680 3086 Graeci
1723 3026 1973 3110 στρίγγα
2014 3026 2418 3110 ap[pellant],
2482 3029 2653 3110 quod

379 3132 683 3196 maleficis
726 3139 1102 3202 mulieribus
1148 3162 1381 3205 nomen
1430 3143 1701 3206 inditum
1748 3151 1863 3228 est,
1908 3166 2064 3228 quas
2112 3149 2413 3211 volaticas
2460 3151 2650 3212 etiam

378 3258 623 3316 vocant.
713 3256 936 3341 ltaque
984 3262 1188 3324 solent
1242 3266 1342 3327 his
1399 3265 1613 3328 verbis
1673 3285 1779 3328 eas
1821 3267 2020 3330 veluti
2064 3272 2344 3330 avertere
2392 3269 2648 3332 Graeci:

378 3371 616 3459 Στρίγγ’
696 3374 1065 3463 ἀποπέμπειν
1125 3374 1438 3463 νυκτιβὸαν
1457 3433 1471 3461 ,
1558 3377 1670 3444 τὰν
1713 3381 1929 3469 στρίγγ’
2008 3381 2124 3447 ἀπὸ
2193 3391 2393 3468 λαῶν,
2451 3381 2651 3474 ’Όρνιν

378 3485 718 3579 ἀνωνύμων,
744 3497 960 3586 στρίγγ’
996 3495 1336 3590 ὠκυπόρους
1357 3505 1449 3565 ἐπὶ
1472 3508 1668 3576 νῆας.“
1695 3507 1788 3585 (ut
1809 3506 2171 3569 emendavit
2187 3506 2267 3569 M.
2284 3506 2645 3593 Hauptius).

380 3651 458 3657 --
490 3614 570 3677 Et
599 3615 833 3701 Cas.V,
864 3622 923 3701 4,
954 3623 1025 3683 11
1088 3623 1271 3697 „Hac
1313 3625 1447 3686 ibo.-
1484 3624 1818 3685 cam'uam
1863 3647 2183 3687 scaevam
2226 3649 2399 3707 spero
2443 3629 2647 3690 melio-

374 3755 500 3793 rem
530 3736 719 3817 fo⁷·e“
753 3742 860 3817 (sc.
901 3763 1092 3825 quam
1127 3747 1181 3807 si
1214 3764 1376 3808 uxor
1403 3745 1559 3807 mihi
1591 3749 1891 3826 occurrat)
1931 3767 2059 3810 non
2091 3748 2239 3809 inde
2284 3740 2647 3829 repetemus

377 3854 543 3934 quod
584 3854 856 3922 Romani
904 3864 1050 3925 mali
1105 3868 1336 3927 ominis
1383 3866 1783 3930 crediderunt
1828 3868 2202 3950 praegnanti
2247 3870 2386 3929 cani
2432 3887 2646 3930 occur-

371 3993 509 4036 rere
560 3977 653 4057 (cf.
688 3978 839 4042 Hor.
870 3979 981 4044 Od.
1010 3981 1125 4064 III,
1168 3986 1267 4067 27,
1304 3988 1333 4047 1
1386 3989 1572 4069 sqq),
1615 3989 1725 4051 sed
1771 3988 1937 4069 quod
1980 3987 2235 4050 Graccis
2280 3988 2642 4067 symbolum

371 4096 718 4160 infaustum
772 4103 980 4163 visum
1051 4108 1147 4165 est
1210 4097 1532 4189 διεκδρομῆ
1588 4098 1756 4179 κυνός
1819 4108 1916 4188 (cf.
1962 4106 2272 4171 Plutarch.
2328 4131 2389 4168 π.
2436 4101 2640 4193 φιλαδ.

371 4212 547 4297 XIX,
593 4235 652 4298 p.
701 4219 865 4298 490).
925 4257 997 4266 —-
1032 4222 1152 4285 Vel
1206 4225 1373 4306 quod
1419 4223 1582 4288 Rud.
1632 4226 1750 4289 461
1790 4233 1851 4289 et
1895 4230 2074 4291 Asin.
2125 4230 2244 4290 491
2292 4229 2416 4291 duo
2450 4233 2641 4312 servi,

828 4313 835 4320 ι

373 4336 480 4415 qui
523 4335 600 4398 de
648 4355 715 4400 se
760 4340 883 4421 ipsi
935 4342 1173 4425 aliquid
1236 4345 1713 4427 praedicarunt,
1766 4366 1846 4409 ex
1902 4351 2160 4430 antiquo
2217 4367 2391 4410 more
2432 4354 2641 4435 usque
