3028 4990
1356 348 1732 407 --2-„

410 529 604 591 tionis
669 530 999 613 opprobrio
1057 532 1439 595 defendendi
1493 534 1767 614 cupidus
1828 531 1906 592 ad
1966 531 2131 594 hanc
2176 551 2493 596 summam
2541 555 2681 617 pro-

411 652 604 712 cessit
658 670 807 713 eum
868 656 1241 735 argumenta
1300 656 1547 715 tantum
1608 652 2098 734 fabularumque
2157 651 2286 714 fere
2346 654 2682 738 οἰκονομίαν

411 790 447 831 a
490 769 747 832 Graecis
792 773 1173 853 mutuatum,
1231 772 1299 834 111
1360 770 1763 834 sermonibus
1823 772 2073 853 proprio
2130 791 2321 834 usum
2380 791 2524 835 esse
2583 774 2682 834 111-

409 892 597 972 genio
656 890 736 972 (p.
789 891 907 969 76).
997 890 1240 953 Eodem
1277 894 1571 974 pervenit
1613 893 1769 957 alter
1814 911 1934 954 nec
1977 892 2188 953 minor
2230 889 2438 955 Plauti
2484 893 2682 959 admi-

408 1014 577 1071 rator
622 1009 694 1071 G.
728 1010 806 1072 A.
850 1009 1274 1073 Schroederus
1319 1012 1435 1093 „de
1481 990 1789 1075 Romanis
1836 1011 2118 1074 moribus
2164 1012 2457 1093 palliatae
2502 1011 2681 1075 fabu-

412 1129 508 1191 lae
556 1130 905 1192 immixtis“
957 1129 1201 1192 dissert.
1251 1128 1390 1213 III.,
1443 1152 1648 1214 progr.
1688 1152 1912 1214 gymn.
1960 1131 2464 1193 Mai-ienwerder.
2519 1132 2681 1193 1853

409 1250 497 1328 (in
546 1248 793 1311 duabus
837 1249 1178 1331 prioribus,
1237 1250 1319 1312 ib.
1373 1250 1537 1312 1833
1584 1256 1646 1313 et
1694 1242 1877 1331 1835,
1936 1248 2192 1313 Terenti
2240 1255 2439 1313 artem
2486 1270 2680 1333 expo-

412 1371 664 1452 suerat),
728 1371 913 1432 cuius
969 1370 1204 1433 iudicio
1261 1375 1447 1452 poeta
1492 1369 1785 1433 Sarsinas
1835 1390 2001 1450 „non
2047 1390 2278 1450 passus
2323 1374 2418 1432 est
2463 1371 2529 1431 in
2581 1389 2683 1431 co-

412 1489 680 1551 moediis
742 1489 1088 1571 quidquam
1153 1494 1401 1571 praeter
1467 1510 1883 1572 personarum
1947 1490 2403 1570 descriptiones
2465 1488 2587 1550 sibi
2646 1509 2684 1550 a

414 1609 671 1671 Graecis
727 1608 1036 1671 obtrudi“.
1128 1607 1358 1671 Contra
1400 1611 1470 1671 in
1517 1608 1921 1673 sermonibus
1968 1629 2224 1692 quoque
2268 1607 2533 1671 Plautus
2588 1629 2683 1670 ar-

411 1730 539 1791 tius
571 1747 859 1810 premere
890 1728 1276 1791 Graecorum
1310 1728 1963 1812 vestigia'Ladewigio
1992 1731 2174 1792 visus
2206 1734 2303 1790 est
2331 1730 2396 1789 in
2430 1731 2684 1810 egregia

413 1848 490 1910 de
522 1847 780 1910 Oanone
806 1847 1063 1910 Volcaci
1100 1846 1362 1929 Sedigiti
1394 1851 1789 1931 quaestione,
1834 1869 2039 1931 progr.
2072 1848 2131 1911 N
2135 1850 2467 1912 eostrelitz.
2501 1849 2684 1929 1842,

415 1968 525 2031 ubi
573 1969 898 2051 congessit
942 1969 1131 2029 otiam
1177 1967 1351 2029 locos
1397 1968 1642 2051 aliquot
1681 1971 1790 2051 qui
1834 1988 1980 2031 cum
2027 1970 2274 2030 Atticae
2322 1969 2684 2030 comoediae

415 2092 477 2150 et
520 2087 764 2150 mediae
811 2091 872 2150 et
918 2105 1120 2149 novae
1163 2087 1452 2169 reliquiis
1495 2089 1620 2151 sibi
1667 2089 2040 2151 viderentur
2071 2088 2285 2170 aliquo
2319 2088 2685 2173 1110110001]-

415 2207 647 2268 cinere.
743 2204 948 2279 Quam
994 2205 1431 2269 collectionem
1478 2209 1863 2290 amplificare
1905 2208 2148 2271 studuit
2189 2207 2289 2269 Fr.
2324 2206 2685 2269 Schultzius

417 2323 719 2407 „Plautus
781 2327 846 2387 in
913 2328 1156 2389 seinem
1206 2326 1606 2388 Verhaltniss
1663 2347 1778 2390 zur
1839 2329 2154 2390 mittleren
2218 2326 2348 2389 und
2404 2346 2682 2389 neueren

412 2446 644 2529 griech.
706 2444 1080 2528 Komodie“,
1147 2446 1652 2529 Festprogramm
1708 2447 1818 2509 des
1876 2448 2024 2511 11011.
2081 2449 2246 2511 kath.
2308 2447 2537 2528 Gymn.
2605 2466 2686 2508 zu

413 2566 729 2629 Neustadt
771 2568 810 2627 1.
846 2533 1365 2648 11110819101188011,
1400 2567 1579 2628 1866.
1658 2567 1759 2629 Ad
1806 2569 2063 2630 alteram
2112 2569 2504 2650 quaestionis
2551 2588 2689 2650 par-

415 2691 565 2764 tem,
612 2706 738 2766 qua
778 2686 1245 2766 investigentur
1277 2683 1482 2747 Plauti
1529 2688 1797 2768 eiusque
1830 2688 2294 2769 exemplarium
2326 2689 2687 2769 discrepan-

413 2808 558 2885 tiae,
615 2807 844 2887 stipem
900 2804 1165 2866 contulit
1205 2804 1645 2889 Visseringius
1707 2809 1768 2868 in
1828 2807 2267 2869 dissertatione
2313 2812 2376 2869 et
2420 2807 2685 2889 philolo-

413 2928 554 3008 gica
620 2932 683 2987 et
744 2925 1010 2990 iuridica
1073 2924 1536 3007 „Quaestiones
1603 2925 1998 3007 Plautinae“,
2065 2927 2449 2989 Amstelaed.
2503 2929 2685 3008 1842,

416 3046 526 3127 qui
571 3051 963 3110 scrutaturus
1011 3045 1120 3108 ubi
1167 3066 1320 3108 suae
1363 3044 1628 3108 Plautus
1674 3050 1894 3109 aetatis
1939 3048 2380 3109 condicionem
2427 3065 2684 3129 expres-

415 3166 567 3227 serit
615 3179 698 3247 (Ρ.
746 3167 811 3248 4)
873 3166 940 3227 111
999 3166 1206 3247 priore
1261 3165 1689 3245 disputatione
1746 3165 1919 3227 locos
1979 3164 2214 3246 quibus
2257 3168 2351 3228 rei
2394 3165 2684 3248 publicae

415 3289 639 3366 status,
682 3288 888 3347 certae
935 3303 1036 3346 res
1077 3286 1267 3367 atque
1314 3284 1626 3366 homineS,
1671 3284 2005 3366 proverbia
2053 3286 2349 3347 historica
2387 3290 2683 3367 certaque

417 3405 519 3466 vel
565 3407 631 3466 in
682 3404 838 3467 urbe
884 3405 984 3467 vel
1030 3403 1179 3467 alibi
1226 3405 1363 3466 loca
1399 3409 1992 3484 commemorantur,
2042 3407 2107 3466 in
2140 3406 2487 3485 posteriore
2520 3424 2683 3486 quae

413 3544 665 3587 morum
712 3527 1260 3605 commutationeS,
1303 3525 1475 3607 leges
1519 3543 1722 3607 nuper
1768 3530 2045 3606 rogatae,
2093 3527 2230 3586 iura
2274 3529 2410 3586 tum
2452 3528 2685 3587 consti—

411 3651 544 3709 tuta
582 3666 619 3708 a
663 3644 887 3708 Plauto
933 3647 1464 3729 perstringuntur,
1508 3644 1811 3708 laudabili
1844 3664 1988 3706 cum
2021 3646 2334 3707 industria
2362 3649 2686 3707 examinat

410 3769 601 3847 atque
644 3765 932 3828 illustrat.
1024 3764 1297 3828 Omnem·
1339 3769 1551 3827 autem
1585 3763 2013 3827 Romanarum
2050 3785 2261 3827 rorum
2297 3765 2465 3847 apud
2498 3763 2686 3827 Plau·

409 3891 545 3949 tum
596 3863 949 3948 molem'de
995 3884 1276 3968 Bagnato
1345 3883 1650 3965 „Plautus
1710 3887 1774 3946 in
1826 3887 2071 3946 seinem
2119 3885 2561 3947 Verbaltnisse
2604 3905 2685 3947 zu

412 4009 637 4069 seinon
682 4005 914 4088 griech.
965 4004 1395 4088 Oi·iginalen“,
1434 4025 1636 4087 progr.
1668 4010 1903 4087 ‘gyn1n.
1955 4004 2267 4087 Ehingen.
2321 4006 2484 4067 1878
2532 4005 2687 4067 duo-

410 4127 718 4207 deviginti
765 4126 1145 4207 paginarum
1187 4127 1388 4207 spatio
1436 4125 1770 4206 complecti
1812 4125 2030 4187 voluit.
2123 4124 2245 4187 Sed
2279 4125 2435 4187 haec
2469 4145 2687 4187 exem-

410 4246 660 4327 plorum
725 4244 1074 4326 congerieS,
1138 4265 1300 4326 quae
1365 4248 1435 4306 ut
1484 4249 1687 4307 totum
1746 4264 2081 4307 numerum
2132 4245 2388 4326 expleat
2438 4249 2684 4306 tautum

410 4363 609 4447 abest,
653 4367 723 4426 ut
766 4364 907 4446 ipsa
945 4365 1323 4445 gravissima
1367 4383 1562 4446 saepe
1609 4367 1872 4445 omittat,
1914 4384 2043 4426 non
2088 4364 2211 4426 alia
2240 4365 2369 4440 fere
2405 4365 2689 4427 continet
