3028 4990
498 1519 687 1627 Inter
731 1579 954 1623 omnes
1000 1565 1245 1624 constat
1274 1561 1670 1644 palliatarum
1703 1565 1923 1642 poetas
1957 1558 2195 1622 Graeca
2227 1562 2602 1642 argumenta

328 1701 476 1744 cum
531 1701 614 1744 ex
662 1679 921 1743 Graecis
982 1682 1214 1745 fabulis
1276 1686 1339 1745 ot
1381 1683 1757 1746 inveniendi
1802 1682 2017 1762 inopia
2060 1682 2122 1741 et
2168 1696 2393 1742 severa
2434 1680 2603 1743 aedi-

326 1801 486 1863 lium
535 1818 808 1862 censura
852 1803 1049 1863 coacti
1079 1799 1306 1864 Latine
1351 1805 1782 1885 exprimerent
1830 1820 1958 1863 non
1990 1801 2066 1862 ad
2100 1797 2371 1861 verbum
2400 1803 2603 1862 trans—

326 1923 572 2000 tulisse,
625 1921 734 1982 sed
783 1921 1294 1984 accommodasse
1342 1921 1616 2002 quodam
1664 1921 1850 1983 modo
1897 1917 2343 2006 incultioribus
2386 1920 2602 2001 populi

305 2039 562 2102 'animis
608 2043 671 2101 et
714 2040 1017 2120 moribuS,
1062 2043 1148 2102 ita
1194 2046 1261 2102 ut
1303 2045 1412 2103 aut
1447 2039 1768 2104 Romanas
1813 2058 1914 2102 res
1957 2059 2071 2120 pro
2106 2038 2363 2101 Graecis
2410 2057 2603 2121 pone-

327 2163 472 2221 rent
515 2165 623 2222 aut
663 2178 746 2222 ex
792 2177 910 2221 suo
955 2160 1216 2241 ingenio
1262 2163 1372 2242 qui
1418 2163 1650 2223 crassis
1696 2158 2095 2241 popularium
2131 2157 2393 2220 auribus
2429 2158 2597 2220 blan-

334 2279 617 2341 direntur
655 2279 826 2340 iocos
875 2281 939 2340 et
977 2278 1235 2341 facetias
1280 2279 1636 2341 fabularum
1669 2278 1997 2340 contextui
2029 2278 2401 2339 insererent.
2479 2274 2604 2338 Sed

332 2402 649 2480 quatenus
705 2416 1044 2480 progressa
1096 2399 1176 2458 sit
1222 2399 1289 2458 in
1334 2397 1626 2479 palliatis,
1689 2398 1983 2479 inprimis
2030 2393 2345 2457 Plautinis
2392 2400 2606 2477 utpote

329 2518 727 2599 amplissimo
793 2522 855 2580 et
917 2520 1138 2600 paucis
1207 2520 1494 2600 exceptis
1558 2518 1995 2580 vetustissimo
2052 2514 2380 2578 Romanae
2439 2517 2605 2578 vitae

330 2641 777 2718 monumentO,
840 2640 1089 2699 Atticae
1156 2637 1524 2699 comoediae
1594 2642 1703 2699 aut
1766 2635 2078 2699 demendo
2143 2639 2252 2697 aut
2318 2635 2606 2698 addendo

328 2758 683 2819 immutatio
745 2757 1258 2838 Graecorumque
1334 2776 1584 2819 morum
1645 2776 1789 2819 cum
1850 2753 2159 2817 Romanis
2216 2757 2606 2836 commixtiO,

335 2876 619 2957 quaestio
681 2883 779 2938 est
823 2882 892 2939 ut
935 2877 1013 2940 ad
1059 2877 1411 2938 litterarum
1459 2876 1788 2938 historiam
1834 2880 1897 2936 et
1938 2875 2016 2937 ad
2061 2893 2273 2936 rerum
2319 2876 2607 2956 antiqua-

329 3015 473 3058 rum
535 2998 966 3078 cognitionem
1028 2996 1406 3075 necessaria,
1465 2997 1558 3058 sic
1615 3015 1822 3078 usque
1882 2995 1961 3057 ad
2021 2994 2195 3055 huno
2238 2994 2429 3075 diem,
2487 2996 2607 3056 etsi

329 3116 618 3177 instituta
662 3137 699 3178 a
741 3115 982 3195 multiS,
1029 3134 1158 3178 non
1204 3116 1541 3196 persoluta.
1637 3114 1818 3189 Quod
1866 3117 2121 3196 apparet
2149 3115 2332 3177 facile
2363 3116 2607 3178 collatis

332 3251 553 3295 eorum
612 3236 722 3316 qui
767 3235 844 3297 de
889 3254 964 3297 ea
1006 3255 1073 3297 rc
1120 3236 1258 3296 sive
1306 3253 1389 3295 ex
1433 3234 1690 3315 legendi
1737 3256 1859 3298 usu
1906 3238 2044 3297 sive
2091 3254 2175 3297 ex
2221 3236 2607 3296 accuratiore

333 3353 543 3415 studio
606 3354 916 3417 iudicium
981 3355 1271 3417 fecerunt
1341 3358 1695 3417 sententiis
1803 3354 1968 3417 Nam
2028 3374 2254 3437 parum
2310 3352 2608 3416 Plautum

332 3472 563 3536 debere
599 3473 982 3537 Graecorum
1029 3476 1365 3536 imitationi
1409 3472 1672 3537 Rostius
1706 3479 1924 3538 statuit
1954 3478 2018 3538 in
2053 3474 2611 3537 dissertatiuncula

336 3592 453 3673 „de
498 3590 709 3655 Plauti
753 3594 1120 3656 auctoritate
1164 3593 1242 3656 ad
1283 3594 1640 3657 faciendam
1670 3615 1885 3658 rerum
1916 3598 2323 3677 antiquarum
2353 3594 2609 3675 fidem“,

335 3710 568 3793 Opusc.
627 3708 830 3774 Plaut.
887 3733 945 3794 p.
992 3715 1050 3793 9,
1115 3732 1348 3795 magna
1409 3731 1558 3775 eum
1626 3714 1881 3777 licentia
1943 3717 2153 3777 Attica
2217 3714 2610 3794 exemplaria

331 3831 734 3893 transtulisse
777 3827 1164 3894 Ritschelius
1208 3831 1458 3914 Parerg.
1506 3830 1707 3895 Plaut.
1758 3856 1814 3917 p.
1865 3836 2009 3917 277,
2073 3834 2183 3897 sed
2241 3833 2608 3914 diligentius

334 3952 399 4011 in
446 3969 580 4012 rem
628 3951 951 4032 inquirere
997 3956 1266 4033 uterque
1313 3955 1688 4035 supersedit.
1782 3953 1965 4028 Quod
2010 3953 2335 4036 professus
2382 3952 2479 4014 W.
2528 3954 2603 4014 A.

334 4068 659 4132 Beckerus
719 4072 786 4131 in
843 4070 1041 4132 libelli
1099 4072 1215 4151 „de
1257 4075 1518 4134 comicis
1564 4071 1998 4135 Romanorum
2049 4072 2279 4136 fabulis
2328 4074 2609 4134 maxime

334 4187 648 4253 Plautinis
713 4192 1186 4272 quaesti011es“‚
1253 4191 1423 4274 Lips.
1484 4193 1669 4274 1837,
1736 4193 1928 4256 altera
1992 4197 2166 4276 parte
2237 4194 2610 4276 „Vindiciae

334 4306 702 4371 Plautinae“
751 4310 1055 4392 inscripta
1100 4312 1294 4374 nimis
1341 4310 1551 4374 Plauti
1597 4333 1635 4375 a
1680 4316 1931 4377 servilis
1979 4316 2362 4378 Graecorum
2405 4314 2611 4375 imita-

2158 4441 2185 4491 1
