3028 4990
1295 285 1719 347 -14—

540 462 927 530 Ritschelius
974 468 1267 550 quidem,
1329 470 1441 552 qui
1491 470 1558 531 in
1607 468 2048 532 dissertatione
2098 468 2176 530 de
2220 465 2657 530 Bacchidibus

372 581 672 667 (Parerga
728 604 786 667 p.
830 587 976 664 408)
1032 587 1203 650 hunc
1261 588 1472 652 locum
1536 589 1858 668 tractavit,
1918 590 2228 651 rationem
2294 606 2407 649 cur
2467 605 2659 668 prae-

372 704 631 765 missam
675 701 969 791 Chrysali'
1029 706 1375 769 mendaciis
1418 706 1718 770 Nicobuli
1779 708 2335 789 interrogationem
2382 704 2656 768 Plautus

374 822 735 903 sustulerit,
808 844 949 887 cam
995 824 1117 887 sibi
1160 826 1524 907 perspicere
1571 827 1750 888 visus
1811 832 1908 890 est
1952 828 2119 910 quod
2168 826 2491 908 cognitum
2539 824 2655 886 ha-

371 942 617 1006 buisset
669 947 852 1026 poeta
910 943 1214 1007 barbarus
1275 966 1400 1008 non
1460 950 1588 1008 tam
1641 947 1706 1008 in
1764 946 1999 1029 vulgus
2061 950 2239 1010 notas
2296 963 2439 1006 esse
2484 946 2658 1005 inter

369 1061 692 1127 Romanos
724 1065 1056 1127 sacerdotii
1087 1065 1260 1127 illius
1293 1064 1720 1146 condicioneS,
1765 1069 1835 1127 ut
1865 1067 1974 1147 qui
2008 1067 2085 1129 de
2129 1066 2439 1148 pecuniae
2481 1062 2652 1145 apud

370 1181 682 1264 Ephesios
730 1184 1008 1265 periculo
1055 1185 1337 1265 audiret,
1384 1184 1540 1246 nihil
1578 1186 1636 1246 ei
1681 1187 1867 1247 citius
1912 1205 2101 1268 quam
2149 1182 2649 1267 Megabyzorum

371 1301 713 1365 recordatio
762 1309 1171 1367 succurreret.
1239 1305 1325 1367 At
1364 1305 1420 1366 si
1450 1323 1778 1367 removere
1806 1306 2119 1368 voluisset
2150 1303 2417 1398 Plautus
2448 1304 2641 1365 inter-

370 1423 764 1503 rogationem
824 1424 1030 1504 illam,
1108 1443 1270 1506 quae
1330 1422 1682 1506 fragmento
1727 1429 1942 1488 nostro
1996 1425 2403 1506 exprimitur,
2478 1421 2646 1505 quod

376 1546 760 1623 spectatores
821 1541 1314 1625 Megabyzorum
1373 1544 1764 1607 condicionis
1824 1547 2043 1607 essent
2101 1544 2347 1626 ignari,
2416 1559 2648 1624 nempe

374 1681 650 1742 omnem,
700 1666 765 1724 ut
809 1662 1101 1744 arbitror,
1148 1664 1451 1726 evitasset
1492 1665 1633 1727 eius
1680 1666 1959 1727 nominis
2010 1664 2397 1726 mentionem
2447 1680 2521 1724 ac
2562 1679 2649 1723 ne

372 1782 532 1844 illud
578 1782 838 1864 quidem
886 1778 1305 1864 „Meyalobusi
1330 1783 1608 1867 filium“‚
1654 1786 1838 1848 cuius
1886 1785 2265 1847 sententiam
2312 1781 2648 1844 ridiculam

375 1922 504 1964 non
556 1902 758 1983 magis
802 1907 1068 1983 possent
1097 1904 1415 1985 amplecti,
1459 1924 1545 1967 ex
1576 1903 1923 1967 Menandro
1954 1905 2396 1967 transtulisset.
2442 1901 2649 1965 Immo

370 2022 521 2083 mihi
584 2022 835 2083 videtur
885 2025 1021 2084 veri
1084 2023 1281 2086 multo
1363 2025 1637 2087 similius
1724 2023 2021 2087 Plautum
2083 2026 2296 2105 ipsum
2357 2024 2494 2103 hic,
2578 2025 2651 2084 ut

372 2142 630 2221 saepius
680 2140 1060 2222 videbimus,
1111 2144 1482 2224 exemplum
1529 2163 1719 2206 suum
1764 2164 1985 2226 parum
2035 2144 2452 2208 intellexisse.

543 2258 868 2323 Casinae
962 2263 1226 2324 actionis
1321 2266 1503 2345 quasi
1592 2264 1916 2346 fastigium
2008 2264 2336 2327 vocaveris
2430 2261 2651 2343 Olym-

372 2384 579 2465 pionis
646 2401 794 2445 cum
853 2382 1102 2463 Casina,
1177 2385 1361 2446 cuius
1428 2386 1636 2466 partes
1717 2402 1942 2474 servus
2017 2383 2275 2465 quidam
2351 2381 2649 2446 muliebri

375 2507 631 2566 ornatus
686 2504 921 2566 vestitu
981 2505 1289 2584 suscepit,
1357 2504 1632 2586 nuptias
1746 2500 2028 2577 Quarum
2096 2507 2395 2585 apparatu
2464 2504 2649 2565 initio

374 2628 552 2685 actus
594 2620 699 2683 IV.
749 2624 967 2704 paucis
1026 2622 1337 2704 descripto
1383 2623 1453 2684 in
1494 2620 1607 2683 III.
1662 2640 1851 2684 scena
1893 2622 2145 2683 futurus
2192 2625 2455 2685 maritus
2500 2641 2647 2684 cum

372 2742 631 2805 tibicine
677 2761 1036 2824 pompaque
1096 2740 1490 2824 progreditur
1541 2740 1618 2803 ad
1676 2760 1945 2803 uxorem
1980 2741 2394 2823 ducendam,
2458 2741 2648 2804 Grae·

376 2880 580 2943 coque
665 2880 838 2924 more
920 2865 1159 2924 canunt
1225 2860 1699 2941 Hymenaeum.
1824 2859 2073 2923 Deinde
2146 2862 2212 2922 in
2286 2878 2478 2923 scena
2548 2880 2649 2924 se-

376 2983 599 3064 quenti
659 2982 782 3045 alia.
846 3001 1080 3063 pompa
1147 3001 1313 3050 nova
1384 2985 1579 3064 nupta
1652 2980 1728 3043 ab
1791 2981 2037 3043 ancillis
2111 2980 2369 3042 domum
2442 2981 2647 3042 mariti

374 3100 720 3163 deducitur.
831 3099 956 3162 Hic
1031 3104 1243 3162 autem
1322 3098 1587 3162 Plautus
1659 3102 1728 3162 ni
1799 3100 1982 3162 fallor
2053 3099 2415 3162 recordatus
2489 3117 2648 3161 usus

372 3219 647 3283 Romani
712 3239 905 3282 unam
976 3220 1345 3282 ancillarum
1418 3220 1737 3282 dicentem
1793 3221 1967 3282 facit:
2028 3220 2121 3294 „I
2158 3219 2372 3279 sensim
2433 3239 2647 3299 super-

373 3339 569 3402 attolle
633 3339 809 3400 limen
870 3339 1071 3419 pedes,
1139 3361 1291 3400 nova
1355 3350 1566 3420 nupta.
1671 3339 1888 3420 Sospes
1956 3339 2079 3399 Iter
2140 3338 2332 3418 iraecz‘jw
2398 3336 2518 3414 hoc,
2586 3348 2649 3398 ut

370 3460 496 3520 viro
543 3469 640 3519 tao
677 3480 908 3539 semper
949 3461 1027 3521 sis
1069 3467 1426 3538 superstesf‘
1514 3457 1678 3521 Nam
1725 3478 1839 3540 pro
1879 3458 2046 3521 malo
2080 3459 2292 3521 omine
2322 3455 2647 3521 Romanos

370 3579 673 3642 habuisse
727 3599 957 3642 novam
994 3582 1253 3661 nuptam
1302 3581 1577 3664 primum
1622 3581 1960 3641 intrantem
2008 3579 2266 3641 domum
2315 3579 2534 3641 uxoris
2579 3580 2646 3640 in

284 3764 291 3771 ,
371 3700 593 3762 limine
639 3701 866 3781 pedem
913 3701 1248 3779 offendere,
1293 3701 1670 3763 documento
1716 3703 1868 3762 sunt
1916 3700 2055 3779 loci,
2105 3703 2171 3761 ut
2211 3697 2431 3760 Catuli.
2476 3697 2647 3780 LXI,

376 3819 496 3881 166
555 3839 688 3903 sqq.
755 3821 1060 3902 „transfer
1112 3822 1324 3883 omine
1399 3839 1541 3883 cum
1612 3819 1781 3883 bono
1844 3820 2037 3882 limen
2099 3818 2389 3880 aureolos
2451 3817 2647 3899 pedes

370 3940 758 4021 rasilemque
818 3941 962 4003 subi
1024 3916 1261 4003 iorem“
1323 3944 1385 4000 et
1444 3939 1678 4001 Lucan.
1729 3936 1808 3999 II.
1860 3937 1983 3999 358
2046 3956 2136 4019 sq.
2232 3935 2647 4019 „Turritaque

273 4058 277 4064 ’
370 4078 664 4143 premens
709 4059 978 4122 frontem
1024 4063 1309 4125 matrona.
1353 4079 1587 4122 corona
1638 4056 1969 4120 Translata
2024 4057 2226 4119 vetuit
2280 4058 2648 4139 contingere

374 4181 596 4242 limina
647 4180 920 4262 planta“,
968 4179 1136 4242 unde
1182 4184 1445 4261 apparet
1497 4180 1685 4242 etiam
1736 4180 2181 4260 transportatas
2229 4195 2372 4239 esse
2420 4180 2647 4259 nuptas
