3028 4990
1357 346 1737 405 -4-

406 526 541 587 tare
586 525 742 586 mihi
786 528 1113 609 proposui,
1173 528 1285 609 qui
1329 532 1645 610 quantum
1689 533 1901 612 egeret
1943 549 2111 591 nova
2156 533 2344 612 atque
2392 533 2684 593 accurata

407 642 826 724 inquisitione
883 646 1404 710 antecedentibus
1465 651 1621 712 satis
1666 649 1887 711 videor
1930 648 2084 709 mihi
2126 651 2677 710 commonstrasse.

409 763 690 844 Apparet
753 766 989 844 autem,
1051 763 1357 846 quoniam
1419 768 1665 830 mediae
1724 786 2056 850 novaeque
2118 768 2479 830 comoediae
2535 786 2678 829 cum

410 883 619 943 omnis
675 884 814 945 tum
869 881 1011 945 eius
1069 904 1232 966 quae
1287 883 1510 950 Plauto
1574 888 1871 968 exemplo
1929 888 2050 949 fuit
2095 886 2436 949 admodum
2481 906 2681 969 pauca

408 1002 730 1084 exiliaque
774 1006 1042 1065 aetatem
1085 1004 1286 1067 tulere
1331 1007 1701 1089 fragmenta,
1743 1009 1813 1069 in
1854 1007 2298 1069 constituenda
2337 1006 2509 1069 illius
2542 1026 2680 1069 ver-

406 1120 581 1183 tendi
639 1122 882 1185 ratione
935 1125 1022 1187 ita
1065 1124 1251 1188 nobis
1293 1126 1767 1208 procedendum
1814 1143 1978 1206 esse,
2034 1129 2102 1187 ut
2142 1126 2294 1206 quid
2333 1129 2401 1189 in
2448 1125 2679 1189 fabulis

308 1318 329 1327 ‘
405 1238 648 1303 Latinis
694 1242 771 1305 ad
819 1242 1147 1326 Graecam,
1209 1245 1361 1327 quid
1406 1246 1484 1308 ad
1529 1243 1883 1308 Romanam
1931 1246 2459 1310 consuetudinem
2521 1247 2680 1308 refe-

405 1361 676 1423 rendum
741 1362 844 1445 sit,
907 1365 1277 1446 compositis
1334 1368 1524 1447 atque
1582 1367 1930 1428 aestimatis
1990 1364 2288 1428 omuibus
2336 1366 2413 1428 de
2458 1365 2674 1428 eadem

404 1500 473 1544 re
525 1483 908 1544 testimoniis
956 1484 1296 1566 diligenter
1338 1484 1793 1547 discernamus.
1886 1487 2097 1567 Atque
2138 1484 2376 1548 Graeca
2421 1485 2679 1567 quidem

408 1599 705 1664 Plautum
751 1602 1010 1667 Graecis
1054 1604 1262 1685 poetis
1310 1603 1539 1667 debere
1584 1623 1698 1686 per
1742 1622 1811 1666 se
1857 1604 2095 1687 liquet:
2144 1610 2360 1667 contra
2388 1602 2680 1667 Romana

406 1741 443 1784 a
488 1721 745 1785 barbaro
791 1727 979 1804 poeta
1027 1726 1292 1787 inventa
1336 1741 1479 1786 esse
1529 1743 1656 1786 non
1690 1726 1789 1786 ita
1832 1728 2107 1801 constat3
2161 1745 2309 1787 nam
2356 1727 2482 1787 nisi
2522 1726 2678 1787 forte

406 1861 628 1905 eorum
690 1843 828 1907 loco
883 1843 1091 1905 simile
1150 1843 1390 1925 aliquid
1450 1845 1521 1905 in
1584 1843 2055 1926 exemplaribus
2107 1845 2368 1926 cogitari
2415 1845 2675 1931 ognnino

407 1964 633 2046 nequit
675 1965 785 2025 aut
821 1962 981 2025 aliae
1024 1965 1280 2024 exstant
1323 1980 1575 2041 causae,
1624 1963 1858 2044 quibus
1889 1961 2097 2026 Plauti
2141 1965 2401 2045 ingenio
2450 1982 2526 2025 ea
2570 1962 2675 2024 ad—

308 2147 312 2151 ,
405 2081 782 2164 scribamuS,
824 2085 1099 2163 possunt
1142 2083 1333 2144 etiam
1376 2102 1484 2164 pro
1520 2082 1778 2144 Graecis
1821 2083 2015 2146 rebus
2048 2084 2125 2146 ab
2156 2085 2383 2145 Atticis
2414 2083 2674 2144 comicis

404 2203 771 2266 memoratis
831 2219 973 2263 esse
1034 2200 1112 2263 ab
1173 2201 1280 2263 illo
1333 2203 1636 2265 instituta.
1734 2202 1858 2265 Ubi
1903 2222 2054 2266 vero
2115 2204 2233 2265 hoc
2276 2204 2508 2265 factum
2574 2203 2675 2281 sit,

401 2322 531 2385 fere
578 2324 713 2383 tum
761 2320 968 2383 solum
1012 2324 1179 2384 certo
1227 2341 1610 2404 cognoscere
1653 2323 2029 2404 poterimUS,
2096 2324 2149 2384 si
2197 2320 2443 2403 quaed
2491 2340 2675 2402 argu-

403 2445 618 2506 menta
660 2439 1077 2504 describenda
1121 2478 1200 2486 -——
1246 2461 1397 2506 nam
1440 2443 1600 2506 haec
1644 2440 1941 2506 Plautum
1987 2462 2024 2505 a
2070 2441 2330 2505 Graecis
2385 2458 2674 2523 assump—

403 2565 566 2625 sisse
620 2581 808 2624 nemo
856 2564 955 2624 est
998 2563 1107 2642 qui
1155 2567 1345 2644 neget
1392 2601 1463 2608 —-
1522 2561 1846 2626 Romanas
1888 2581 1991 2625 res
2036 2564 2443 2624 inveniemus
2502 2561 2674 2623 adhi-

401 2682 585 2763 bitas,
637 2686 825 2764 atque
895 2681 1045 2743 inde
1111 2681 1188 2742 dc
1247 2683 1473 2743 ceteris
1534 2682 1689 2745 locis
1732 2683 1850 2744 erit
1880 2682 2419 2745 concludendum.
2511 2681 2671 2743 Cum

404 2807 616 2866 autem
663 2819 884 2864 omnes
932 2802 1343 2884 antiquitates
1390 2797 1718 2863 Plautinas
1764 2820 2143 2885 componere
2190 2802 2591 2882 Graecasque
2637 2820 2674 2862 a

401 2921 711 2985 Romanis
767 2921 1107 3004 seiungere
1165 2922 1631 2984 dissertationis
1684 2923 1958 3005 spatium
2003 2922 2203 2983 multo
2248 2922 2406 2984 foret
2449 2938 2673 2983 exces-

401 3061 648 3123 surum,
681 3045 1185 3103 consentaneum
1231 3057 1377 3103 esse
1423 3042 1663 3103 credidi
1710 3061 1911 3104 unum
1952 3042 2401 3134 antiquitatum
2444 3059 2671 3125 genuS,

399 3163 751 3245 religioniS,
814 3163 1168 3223 accuratius
1212 3162 1643 3244 pervestigare
1689 3164 1878 3242 atque
1924 3180 2006 3221 ex
2052 3161 2172 3223 hoc
2219 3200 2284 3208 -
2343 3161 2511 3245 quod
2557 3179 2671 3241 pro

401 3284 585 3364 copia
644 3282 945 3344 materiae
1006 3281 1194 3343 licere
1255 3300 1387 3343 non
1447 3280 1665 3343 dubito
1722 3278 1805 3326 '—
1863 3281 2013 3363 quid
2062 3283 2429 3343 summatim
2475 3280 2554 3342 de
2602 3299 2671 3341 re

342 3458 348 3465 .
400 3404 718 3485 proposita
779 3402 1187 3465 statuendum
1250 3405 1422 3464 esset
1480 3402 1793 3484 colligere.
1886 3404 2097 3483 Atque
2157 3400 2521 3483 progrediar
2563 3400 2670 3480 ita,

404 3526 471 3584 ut
511 3524 580 3583 in
625 3522 826 3603 capite
870 3522 1071 3604 primo
1118 3541 1278 3604 quas
1311 3522 1584 3585 Graecos
1628 3525 1871 3602 poetaS,
1914 3522 1984 3582 in
2030 3514 2222 3583 altero
2271 3539 2431 3602 quas
2480 3538 2668 3582 suum

399 3640 663 3704 Plautus
722 3641 1058 3722 ingenium
1118 3645 1378 3704 secutus
1421 3640 1725 3703 exhibere
1769 3640 1925 3702 mihi
1983 3640 2269 3702 videatur
2310 3659 2414 3702 res
2459 3657 2670 3701 sacras

398 3780 741 3844 exponam,
798 3761 1075 3842 denique
1118 3762 1185 3821 in
1229 3764 1411 3823 tertio
1459 3761 1537 3822 de
1579 3762 1672 3823 eis
1719 3760 1873 3821 locis
1920 3780 2103 3841 agam
2144 3762 2255 3841 qui
2302 3758 2380 3822 ab
2425 3760 2669 3841 origine

398 3901 527 3944 non
591 3885 862 3964 possunt
917 3882 1102 3943 certis
1157 3862 1549 3963 argumentis
1595 3879 1863 3941 definiri.
1952 3879 2027 3942 In
2075 3881 2262 3962 primi
2310 3882 2520 3942 autem
2569 3898 2669 3940 ca-

394 4004 547 4085 pitis
603 4003 797 4065 altera
851 4005 1024 4085 parte
1069 3999 1344 4063 tractabo
1391 4020 1486 4080 ea,
1547 4018 1710 4081 quae
1764 3999 1936 4081 quod
1984 4005 2135 4061 sunt
2178 3999 2255 4061 ad
2297 4003 2670 4081 argumenta

394 4122 752 4186 fabularum
798 4123 1178 4202 necessaria,
1217 4122 1285 4183 in
1327 4120 1521 4183 altera
1567 4138 1731 4201 quae
1777 4119 1917 4181 aliis
1965 4120 2042 4182 de
2089 4122 2301 4183 causis
2346 4120 2423 4182 ad
2461 4120 2670 4181 Attica

395 4244 789 4324 exemplaria
830 4247 981 4305 sunt
1015 4241 1389 4304 revocanda.
1436 4277 1510 4284 —
1552 4239 1844 4301 Ceterum
1890 4242 1956 4301 in
2007 4240 2439 4302 describendis
2474 4242 2672 4302 versi-

395 4361 518 4424 bus
562 4381 723 4425 usus
770 4381 915 4424 sum
960 4360 1348 4424 editionibus
1390 4358 1701 4422 Ritsoheli
1743 4361 1811 4420 in
1857 4359 2083 4422 Bacch.
2115 4359 2284 4422 Men.
2323 4360 2452 4422 Mil.
2485 4359 2667 4422 Most.
