<?xml version="1.0" encoding="UTF-8"?>
<!DOCTYPE html PUBLIC "-//W3C//DTD XHTML 1.0 Transitional//EN"
    "http://www.w3.org/TR/xhtml1/DTD/xhtml1-transitional.dtd">
<html xmlns="http://www.w3.org/1999/xhtml" xml:lang="en" lang="en">
 <head>
  <title>
</title>
<meta http-equiv="Content-Type" content="text/html;charset=utf-8" />
  <meta name='ocr-system' content='tesseract 3.04.00' />
  <meta name='ocr-capabilities' content='ocr_page ocr_carea ocr_par ocr_line ocrx_word'/>
</head>
<body>
  <div class='ocr_page' id='page_1' title='image "./quomodoplautusa00schugoog_0020.png"; bbox 0 0 3028 4990; ppageno 0'>
   <div class='ocr_carea' id='block_1_1' title="bbox 385 315 2673 4177">
    <p class='ocr_par' dir='ltr' id='par_1_1' title="bbox 385 315 2658 1429">
     <span class='ocr_line' id='line_1_1' title="bbox 1124 315 1731 458; baseline -0.002 -68"><span class='ocrx_word' id='word_1_1' title='bbox 1124 315 1167 458; x_wconf 47' lang='grc' dir='ltr'>ἶ</span> <span class='ocrx_word' id='word_1_2' title='bbox 1313 365 1390 374; x_wconf 93' lang='grc'>-</span> <span class='ocrx_word' id='word_1_3' title='bbox 1482 328 1560 389; x_wconf 84' lang='grc'>12</span> <span class='ocrx_word' id='word_1_4' title='bbox 1650 363 1731 373; x_wconf 91' lang='lat'>—-</span> 
     </span>
     <span class='ocr_line' id='line_1_2' title="bbox 389 506 2654 597; baseline -0.004 -20"><span class='ocrx_word' id='word_1_5' title='bbox 389 506 556 597; x_wconf 86' lang='lat' dir='ltr'>(nam</span> <span class='ocrx_word' id='word_1_6' title='bbox 608 517 721 580; x_wconf 72' lang='lat' dir='ltr'>hic,</span> <span class='ocrx_word' id='word_1_7' title='bbox 768 516 980 578; x_wconf 89' lang='lat' dir='ltr'>locum</span> <span class='ocrx_word' id='word_1_8' title='bbox 1023 512 1274 576; x_wconf 75' lang='lat' dir='ltr'>fabulae</span> <span class='ocrx_word' id='word_1_9' title='bbox 1317 532 1461 576; x_wconf 90' lang='grc'>6886</span> <span class='ocrx_word' id='word_1_10' title='bbox 1527 513 1707 575; x_wconf 88' lang='lat' dir='ltr'>docet</span> <span class='ocrx_word' id='word_1_11' title='bbox 1752 532 1810 575; x_wconf 81' lang='lat' dir='ltr'>v,</span> <span class='ocrx_word' id='word_1_12' title='bbox 1855 511 2006 590; x_wconf 86' lang='grc'>810)</span> <span class='ocrx_word' id='word_1_13' title='bbox 2047 508 2173 570; x_wconf 88' lang='lat' dir='ltr'>fide</span> <span class='ocrx_word' id='word_1_14' title='bbox 2219 528 2335 572; x_wconf 85' lang='lat' dir='ltr'>sua</span> <span class='ocrx_word' id='word_1_15' title='bbox 2382 510 2654 589; x_wconf 82' lang='lat' dir='ltr'>eiusque</span> 
     </span>
     <span class='ocr_line' id='line_1_3' title="bbox 385 619 2656 716; baseline -0.005 -19"><span class='ocrx_word' id='word_1_16' title='bbox 385 634 620 716; x_wconf 83' lang='lat' dir='ltr'>templo</span> <span class='ocrx_word' id='word_1_17' title='bbox 672 634 1041 696; x_wconf 86' lang='lat' dir='ltr'>clarissimis</span> <span class='ocrx_word' id='word_1_18' title='bbox 1079 633 1177 713; x_wconf 90' lang='lat' dir='ltr'>(cf.</span> <span class='ocrx_word' id='word_1_19' title='bbox 1216 631 1593 714; x_wconf 83' lang='lat' dir='ltr'>Diogenian.</span> <span class='ocrx_word' id='word_1_20' title='bbox 1632 630 1812 712; x_wconf 81' lang='lat' dir='ltr'>Corp.</span> <span class='ocrx_word' id='word_1_21' title='bbox 1849 629 2134 693; x_wconf 80' lang='lat' dir='ltr'>Paroem.</span> <span class='ocrx_word' id='word_1_22' title='bbox 2161 627 2242 709; x_wconf 86' lang='grc' dir='ltr'>ΙΙ,</span> <span class='ocrx_word' id='word_1_23' title='bbox 2265 628 2344 691; x_wconf 91' lang='grc'>80</span> <span class='ocrx_word' id='word_1_24' title='bbox 2378 619 2656 703; x_wconf 62' lang='grc' dir='ltr'>,Ἀττικὴ</span> 
     </span>
     <span class='ocr_line' id='line_1_4' title="bbox 388 728 2657 835; baseline -0.004 -20"><span class='ocrx_word' id='word_1_25' title='bbox 388 754 582 825; x_wconf 81' lang='grc' dir='ltr'><strong>πίστις</strong></span> <span class='ocrx_word' id='word_1_26' title='bbox 636 754 731 813; x_wconf 79' lang='grc' dir='ltr'>ἐπὶ</span> <span class='ocrx_word' id='word_1_27' title='bbox 794 757 921 813; x_wconf 78' lang='grc' dir='ltr'>τῶν</span> <span class='ocrx_word' id='word_1_28' title='bbox 977 728 1251 813; x_wconf 74' lang='grc' dir='ltr'><strong>πιθανῶν</strong></span> <span class='ocrx_word' id='word_1_29' title='bbox 1317 798 1330 810; x_wconf 94' lang='grc'><strong>.</strong></span> <span class='ocrx_word' id='word_1_30' title='bbox 1353 799 1400 815; x_wconf 91' lang='grc'>..</span> <span class='ocrx_word' id='word_1_31' title='bbox 1457 740 1809 835; x_wconf 69' lang='grc' dir='ltr'>Ἱδρύσαντο</span> <span class='ocrx_word' id='word_1_32' title='bbox 1874 744 1988 834; x_wconf 75' lang='grc' dir='ltr'>γὰρ</span> <span class='ocrx_word' id='word_1_33' title='bbox 2057 753 2110 808; x_wconf 80' lang='grc' dir='ltr'>οἱ</span> <span class='ocrx_word' id='word_1_34' title='bbox 2170 745 2433 808; x_wconf 80' lang='grc' dir='ltr'>Ἀττικοὶ</span> <span class='ocrx_word' id='word_1_35' title='bbox 2509 739 2657 830; x_wconf 76' lang='grc' dir='ltr'>ἱερὸν</span> 
     </span>
     <span class='ocr_line' id='line_1_5' title="bbox 387 865 2654 956; baseline -0.003 -23"><span class='ocrx_word' id='word_1_36' title='bbox 387 873 736 953; x_wconf 82' lang='grc' dir='ltr'>Πίστεως“)</span> <span class='ocrx_word' id='word_1_37' title='bbox 767 876 912 934; x_wconf 84' lang='lat' dir='ltr'>ante</span> <span class='ocrx_word' id='word_1_38' title='bbox 957 871 1075 933; x_wconf 88' lang='lat' dir='ltr'>hoc</span> <span class='ocrx_word' id='word_1_39' title='bbox 1117 873 1329 953; x_wconf 90' lang='lat' dir='ltr'>ipsum</span> <span class='ocrx_word' id='word_1_40' title='bbox 1375 868 1659 941; x_wconf 85' lang='grc' dir='ltr'><strong>Πίστεως</strong></span> <span class='ocrx_word' id='word_1_41' title='bbox 1698 865 1847 956; x_wconf 78' lang='grc' dir='ltr'>ἱερὸν</span> <span class='ocrx_word' id='word_1_42' title='bbox 1876 870 2155 933; x_wconf 89' lang='lat' dir='ltr'>fabulam</span> <span class='ocrx_word' id='word_1_43' title='bbox 2186 869 2289 950; x_wconf 82' lang='lat' dir='ltr'>agi</span> <span class='ocrx_word' id='word_1_44' title='bbox 2337 865 2654 929; x_wconf 82' lang='lat' dir='ltr'>voluerit?</span> 
     </span>
     <span class='ocr_line' id='line_1_6' title="bbox 387 987 2658 1075; baseline -0.005 -20"><span class='ocrx_word' id='word_1_45' title='bbox 387 992 792 1075; x_wconf 81' lang='lat' dir='ltr'>Quamquam</span> <span class='ocrx_word' id='word_1_46' title='bbox 822 988 1064 1053; x_wconf 88' lang='lat' dir='ltr'>Romae</span> <span class='ocrx_word' id='word_1_47' title='bbox 1096 1009 1349 1072; x_wconf 86' lang='lat' dir='ltr'>quoque</span> <span class='ocrx_word' id='word_1_48' title='bbox 1381 990 1733 1071; x_wconf 83' lang='lat' dir='ltr'>antiquitus</span> <span class='ocrx_word' id='word_1_49' title='bbox 1778 989 1956 1052; x_wconf 84' lang='lat' dir='ltr'>Fidei</span> <span class='ocrx_word' id='word_1_50' title='bbox 1985 991 2206 1052; x_wconf 87' lang='lat' dir='ltr'>fanum</span> <span class='ocrx_word' id='word_1_51' title='bbox 2241 987 2658 1048; x_wconf 80' lang='lat' dir='ltr'>constitutum</span> 
     </span>
     <span class='ocr_line' id='line_1_7' title="bbox 387 1102 2656 1193; baseline -0.004 -20"><span class='ocrx_word' id='word_1_52' title='bbox 387 1116 520 1174; x_wconf 83' lang='lat' dir='ltr'>erat</span> <span class='ocrx_word' id='word_1_53' title='bbox 576 1113 645 1173; x_wconf 90' lang='lat' dir='ltr'>in</span> <span class='ocrx_word' id='word_1_54' title='bbox 693 1109 1020 1193; x_wconf 79' lang='lat' dir='ltr'>Capitolio,</span> <span class='ocrx_word' id='word_1_55' title='bbox 1081 1109 1154 1171; x_wconf 87' lang='lat' dir='ltr'>cf.</span> <span class='ocrx_word' id='word_1_56' title='bbox 1202 1107 1475 1189; x_wconf 83' lang='lat' dir='ltr'>Preller,</span> <span class='ocrx_word' id='word_1_57' title='bbox 1520 1110 1716 1188; x_wconf 88' lang='lat' dir='ltr'><strong>myth.</strong></span> <span class='ocrx_word' id='word_1_58' title='bbox 1764 1128 1917 1172; x_wconf 90' lang='lat' dir='ltr'>rom.</span> <span class='ocrx_word' id='word_1_59' title='bbox 1971 1108 2030 1170; x_wconf 81' lang='lat'>1³</span> <span class='ocrx_word' id='word_1_60' title='bbox 2074 1127 2133 1188; x_wconf 92' lang='lat' dir='ltr'>p.</span> <span class='ocrx_word' id='word_1_61' title='bbox 2186 1107 2346 1184; x_wconf 77' lang='lat'>2523</span> <span class='ocrx_word' id='word_1_62' title='bbox 2409 1103 2520 1167; x_wconf 88' lang='lat' dir='ltr'>sed</span> <span class='ocrx_word' id='word_1_63' title='bbox 2564 1102 2656 1165; x_wconf 86' lang='lat' dir='ltr'>ibi</span> 
     </span>
     <span class='ocr_line' id='line_1_8' title="bbox 388 1227 2657 1312; baseline -0.004 -19"><span class='ocrx_word' id='word_1_64' title='bbox 388 1231 615 1293; x_wconf 88' lang='lat' dir='ltr'>domus</span> <span class='ocrx_word' id='word_1_65' title='bbox 676 1231 922 1293; x_wconf 79' lang='lat' dir='ltr'>vicinas</span> <span class='ocrx_word' id='word_1_66' title='bbox 981 1229 1303 1312; x_wconf 83' lang='lat' dir='ltr'>Megadori</span> <span class='ocrx_word' id='word_1_67' title='bbox 1360 1231 1423 1290; x_wconf 83' lang='lat' dir='ltr'>et</span> <span class='ocrx_word' id='word_1_68' title='bbox 1475 1227 1807 1290; x_wconf 82' lang='lat' dir='ltr'>Euclionis</span> <span class='ocrx_word' id='word_1_69' title='bbox 1869 1229 1970 1309; x_wconf 87' lang='lat' dir='ltr'>(cf.</span> <span class='ocrx_word' id='word_1_70' title='bbox 2036 1229 2185 1310; x_wconf 83' lang='lat'>290)</span> <span class='ocrx_word' id='word_1_71' title='bbox 2253 1227 2406 1288; x_wconf 87' lang='lat' dir='ltr'>sitas</span> <span class='ocrx_word' id='word_1_72' title='bbox 2470 1242 2657 1286; x_wconf 88' lang='lat' dir='ltr'>nemo</span> 
     </span>
     <span class='ocr_line' id='line_1_9' title="bbox 388 1346 1787 1429; baseline -0.001 -17"><span class='ocrx_word' id='word_1_73' title='bbox 388 1352 690 1413; x_wconf 84' lang='lat' dir='ltr'>nimirum</span> <span class='ocrx_word' id='word_1_74' title='bbox 734 1348 1064 1412; x_wconf 78' lang='lat' dir='ltr'>Romanus</span> <span class='ocrx_word' id='word_1_75' title='bbox 1111 1350 1236 1411; x_wconf 87' lang='lat' dir='ltr'>sibi</span> <span class='ocrx_word' id='word_1_76' title='bbox 1279 1346 1520 1429; x_wconf 84' lang='lat' dir='ltr'>fingere</span> <span class='ocrx_word' id='word_1_77' title='bbox 1565 1349 1787 1428; x_wconf 82' lang='lat' dir='ltr'>potuit.</span> 
     </span>
    </p>

    <p class='ocr_par' dir='ltr' id='par_1_2' title="bbox 386 1438 2673 4177">
     <span class='ocr_line' id='line_1_10' title="bbox 557 1438 2657 1548; baseline -0.002 -17"><span class='ocrx_word' id='word_1_78' title='bbox 557 1468 629 1530; x_wconf 89' lang='lat' dir='ltr'>In</span> <span class='ocrx_word' id='word_1_79' title='bbox 688 1467 1207 1544; x_wconf 80' lang='lat' dir='ltr'>Bacchidibus</span> <span class='ocrx_word' id='word_1_80' title='bbox 1267 1466 1413 1548; x_wconf 83' lang='lat'>(170</span> <span class='ocrx_word' id='word_1_81' title='bbox 1462 1467 1629 1548; x_wconf 91' lang='lat' dir='ltr'>sqq.)</span> <span class='ocrx_word' id='word_1_82' title='bbox 1687 1465 2028 1546; x_wconf 84' lang='lat' dir='ltr'>Chrysalus</span> <span class='ocrx_word' id='word_1_83' title='bbox 2079 1438 2353 1529; x_wconf 30' lang='lat' dir='ltr'>*biennio</span> <span class='ocrx_word' id='word_1_84' title='bbox 2399 1466 2657 1528; x_wconf 90' lang='lat' dir='ltr'>domum</span> 
     </span>
     <span class='ocr_line' id='line_1_11' title="bbox 386 1584 2660 1670; baseline -0.002 -21"><span class='ocrx_word' id='word_1_85' title='bbox 386 1607 682 1650; x_wconf 84' lang='lat' dir='ltr'>reversus</span> <span class='ocrx_word' id='word_1_86' title='bbox 730 1589 959 1651; x_wconf 84' lang='lat' dir='ltr'>salutat</span> <span class='ocrx_word' id='word_1_87' title='bbox 1003 1589 1265 1670; x_wconf 80' lang='lat' dir='ltr'>patriam</span> <span class='ocrx_word' id='word_1_88' title='bbox 1310 1586 1729 1667; x_wconf 82' lang='lat' dir='ltr'>vicinumque</span> <span class='ocrx_word' id='word_1_89' title='bbox 1777 1585 2180 1666; x_wconf 82' lang='lat' dir='ltr'>Apollinem,</span> <span class='ocrx_word' id='word_1_90' title='bbox 2241 1587 2350 1667; x_wconf 87' lang='lat' dir='ltr'>qui</span> <span class='ocrx_word' id='word_1_91' title='bbox 2394 1584 2660 1646; x_wconf 85' lang='lat' dir='ltr'>aedibus</span> 
     </span>
     <span class='ocr_line' id='line_1_12' title="bbox 390 1704 2661 1790; baseline -0.002 -21"><span class='ocrx_word' id='word_1_92' title='bbox 390 1709 524 1769; x_wconf 87' lang='lat' dir='ltr'>suis</span> <span class='ocrx_word' id='word_1_93' title='bbox 567 1709 964 1790; x_wconf 86' lang='lat' dir='ltr'>propinquus</span> <span class='ocrx_word' id='word_1_94' title='bbox 1011 1706 1263 1769; x_wconf 81' lang='lat' dir='ltr'>accolat.</span> <span class='ocrx_word' id='word_1_95' title='bbox 1353 1705 1634 1787; x_wconf 86' lang='lat' dir='ltr'>Apparet</span> <span class='ocrx_word' id='word_1_96' title='bbox 1686 1704 2191 1786; x_wconf 84' lang='lat' dir='ltr'>intellegendum</span> <span class='ocrx_word' id='word_1_97' title='bbox 2236 1722 2380 1766; x_wconf 88' lang='lat' dir='ltr'>esse</span> <span class='ocrx_word' id='word_1_98' title='bbox 2418 1704 2661 1785; x_wconf 90' lang='lat' dir='ltr'>Apolli-</span> 
     </span>
     <span class='ocr_line' id='line_1_13' title="bbox 393 1821 2664 1908; baseline -0.001 -22"><span class='ocrx_word' id='word_1_99' title='bbox 393 1845 539 1887; x_wconf 84' lang='lat' dir='ltr'>nem</span> <span class='ocrx_word' id='word_1_100' title='bbox 598 1826 938 1908; x_wconf 82' lang='lat' dir='ltr'>Agyieum,</span> <span class='ocrx_word' id='word_1_101' title='bbox 1011 1845 1202 1907; x_wconf 88' lang='lat' dir='ltr'>quem</span> <span class='ocrx_word' id='word_1_102' title='bbox 1261 1827 1425 1886; x_wconf 86' lang='lat' dir='ltr'>inter</span> <span class='ocrx_word' id='word_1_103' title='bbox 1494 1824 1875 1886; x_wconf 76' lang='lat' dir='ltr'>domesticos</span> <span class='ocrx_word' id='word_1_104' title='bbox 1954 1824 2106 1886; x_wconf 86' lang='lat' dir='ltr'>deos</span> <span class='ocrx_word' id='word_1_105' title='bbox 2166 1822 2387 1885; x_wconf 85' lang='lat' dir='ltr'>Graeci</span> <span class='ocrx_word' id='word_1_106' title='bbox 2472 1821 2664 1884; x_wconf 88' lang='lat' dir='ltr'>habe-</span> 
     </span>
     <span class='ocr_line' id='line_1_14' title="bbox 391 1943 2663 2029; baseline -0.002 -23"><span class='ocrx_word' id='word_1_107' title='bbox 391 1944 548 2007; x_wconf 84' lang='lat' dir='ltr'>bant</span> <span class='ocrx_word' id='word_1_108' title='bbox 628 1948 862 2029; x_wconf 88' lang='lat' dir='ltr'>cuique</span> <span class='ocrx_word' id='word_1_109' title='bbox 945 1967 1051 2008; x_wconf 91' lang='lat' dir='ltr'>ara</span> <span class='ocrx_word' id='word_1_110' title='bbox 1124 1948 1193 2007; x_wconf 89' lang='lat' dir='ltr'>in</span> <span class='ocrx_word' id='word_1_111' title='bbox 1273 1945 1416 2006; x_wconf 91' lang='lat' dir='ltr'>coni</span> <span class='ocrx_word' id='word_1_112' title='bbox 1516 1943 1758 2006; x_wconf 84' lang='lat' dir='ltr'>hebetis</span> <span class='ocrx_word' id='word_1_113' title='bbox 1840 1944 2104 2006; x_wconf 89' lang='lat' dir='ltr'>formam</span> <span class='ocrx_word' id='word_1_114' title='bbox 2188 1943 2440 2005; x_wconf 84' lang='lat' dir='ltr'>redacta</span> <span class='ocrx_word' id='word_1_115' title='bbox 2518 1945 2663 2002; x_wconf 85' lang='lat' dir='ltr'>ante</span> 
     </span>
     <span class='ocr_line' id='line_1_15' title="bbox 391 2061 2658 2148; baseline -0.002 -22"><span class='ocrx_word' id='word_1_116' title='bbox 391 2064 618 2127; x_wconf 89' lang='lat' dir='ltr'>domus</span> <span class='ocrx_word' id='word_1_117' title='bbox 663 2068 867 2148; x_wconf 85' lang='lat' dir='ltr'>posita</span> <span class='ocrx_word' id='word_1_118' title='bbox 908 2070 1039 2127; x_wconf 85' lang='lat' dir='ltr'>erat</span> <span class='ocrx_word' id='word_1_119' title='bbox 1083 2065 1182 2146; x_wconf 89' lang='lat' dir='ltr'>(cf.</span> <span class='ocrx_word' id='word_1_120' title='bbox 1227 2063 1578 2126; x_wconf 76' lang='lat' dir='ltr'>Hermann.</span> <span class='ocrx_word' id='word_1_121' title='bbox 1628 2067 1749 2125; x_wconf 85' lang='lat' dir='ltr'>ant.</span> <span class='ocrx_word' id='word_1_122' title='bbox 1786 2082 1937 2125; x_wconf 84' lang='lat' dir='ltr'>sacr.</span> <span class='ocrx_word' id='word_1_123' title='bbox 1986 2064 2022 2143; x_wconf 64' lang='grc' dir='ltr'>ἓ</span> <span class='ocrx_word' id='word_1_124' title='bbox 2060 2064 2157 2141; x_wconf 87' lang='grc'>15,</span> <span class='ocrx_word' id='word_1_125' title='bbox 2193 2064 2274 2144; x_wconf 89' lang='lat'>9).</span> <span class='ocrx_word' id='word_1_126' title='bbox 2367 2061 2658 2123; x_wconf 86' lang='lat' dir='ltr'>Eundem</span> 
     </span>
     <span class='ocr_line' id='line_1_16' title="bbox 394 2182 2660 2267; baseline -0.002 -22"><span class='ocrx_word' id='word_1_127' title='bbox 394 2182 776 2264; x_wconf 83' lang='lat' dir='ltr'>Bdelycloon</span> <span class='ocrx_word' id='word_1_128' title='bbox 822 2186 887 2246; x_wconf 84' lang='lat' dir='ltr'>in</span> <span class='ocrx_word' id='word_1_129' title='bbox 938 2185 1383 2267; x_wconf 79' lang='lat' dir='ltr'>Aristophanis</span> <span class='ocrx_word' id='word_1_130' title='bbox 1418 2183 1655 2264; x_wconf 87' lang='lat' dir='ltr'>Vespis</span> <span class='ocrx_word' id='word_1_131' title='bbox 1700 2185 1822 2245; x_wconf 80' lang='lat'>875</span> <span class='ocrx_word' id='word_1_132' title='bbox 1867 2183 2191 2247; x_wconf 87' lang='lat' dir='ltr'>simillime</span> <span class='ocrx_word' id='word_1_133' title='bbox 2240 2185 2331 2245; x_wconf 91' lang='lat' dir='ltr'>sic</span> <span class='ocrx_word' id='word_1_134' title='bbox 2376 2182 2660 2243; x_wconf 83' lang='lat' dir='ltr'>invocat:</span> 
     </span>
     <span class='ocr_line' id='line_1_17' title="bbox 393 2292 2663 2388; baseline -0.003 -24"><span class='ocrx_word' id='word_1_135' title='bbox 393 2295 483 2382; x_wconf 57' lang='lat' dir='ltr'>„ed</span> <span class='ocrx_word' id='word_1_136' title='bbox 537 2294 776 2364; x_wconf 70' lang='grc' dir='ltr'>δέσποτ’</span> <span class='ocrx_word' id='word_1_137' title='bbox 853 2295 1002 2376; x_wconf 75' lang='grc' dir='ltr'>ἄναξ</span> <span class='ocrx_word' id='word_1_138' title='bbox 1063 2313 1263 2387; x_wconf 76' lang='grc' dir='ltr'>γεῖτον</span> <span class='ocrx_word' id='word_1_139' title='bbox 1321 2300 1527 2386; x_wconf 77' lang='grc' dir='ltr'>ἀγυιεῦ</span> <span class='ocrx_word' id='word_1_140' title='bbox 1570 2300 1799 2385; x_wconf 79' lang='grc' dir='ltr'>τούμοῦ</span> <span class='ocrx_word' id='word_1_141' title='bbox 1845 2292 2147 2386; x_wconf 70' lang='grc' dir='ltr'>προπόλου</span> <span class='ocrx_word' id='word_1_142' title='bbox 2191 2293 2374 2388; x_wconf 74' lang='grc' dir='ltr'>πάρος</span> <span class='ocrx_word' id='word_1_143' title='bbox 2419 2297 2663 2370; x_wconf 53' lang='lat' dir='ltr'>omae&amp;</span> 
     </span>
     <span class='ocr_line' id='line_1_18' title="bbox 391 2419 2664 2507; baseline -0.002 -23"><span class='ocrx_word' id='word_1_144' title='bbox 391 2421 467 2484; x_wconf 89' lang='lat' dir='ltr'>In</span> <span class='ocrx_word' id='word_1_145' title='bbox 540 2422 749 2486; x_wconf 87' lang='lat' dir='ltr'>media</span> <span class='ocrx_word' id='word_1_146' title='bbox 819 2443 1077 2507; x_wconf 90' lang='lat' dir='ltr'>quoque</span> <span class='ocrx_word' id='word_1_147' title='bbox 1158 2441 1452 2505; x_wconf 83' lang='lat' dir='ltr'>novaque</span> <span class='ocrx_word' id='word_1_148' title='bbox 1520 2420 1847 2485; x_wconf 78' lang='lat' dir='ltr'>comoedia</span> <span class='ocrx_word' id='word_1_149' title='bbox 1911 2421 2190 2483; x_wconf 76' lang='lat' dir='ltr'>crebram</span> <span class='ocrx_word' id='word_1_150' title='bbox 2258 2424 2398 2484; x_wconf 90' lang='lat' dir='ltr'>eius</span> <span class='ocrx_word' id='word_1_151' title='bbox 2464 2419 2664 2482; x_wconf 83' lang='lat' dir='ltr'>fuisse</span> 
     </span>
     <span class='ocr_line' id='line_1_19' title="bbox 395 2541 2660 2626; baseline -0.003 -21"><span class='ocrx_word' id='word_1_152' title='bbox 395 2546 762 2606; x_wconf 81' lang='lat' dir='ltr'>memoriam</span> <span class='ocrx_word' id='word_1_153' title='bbox 835 2544 1117 2605; x_wconf 81' lang='lat' dir='ltr'>indicant</span> <span class='ocrx_word' id='word_1_154' title='bbox 1194 2542 1520 2626; x_wconf 81' lang='lat' dir='ltr'>palliatae3</span> <span class='ocrx_word' id='word_1_155' title='bbox 1587 2543 1750 2604; x_wconf 85' lang='lat' dir='ltr'>redit</span> <span class='ocrx_word' id='word_1_156' title='bbox 1828 2543 2000 2604; x_wconf 88' lang='lat' dir='ltr'>enim</span> <span class='ocrx_word' id='word_1_157' title='bbox 2073 2542 2260 2605; x_wconf 86' lang='lat' dir='ltr'>Mero.</span> <span class='ocrx_word' id='word_1_158' title='bbox 2336 2541 2456 2603; x_wconf 79' lang='lat'>675</span> <span class='ocrx_word' id='word_1_159' title='bbox 2524 2559 2660 2622; x_wconf 88' lang='lat' dir='ltr'>sqq.</span> 
     </span>
     <span class='ocr_line' id='line_1_20' title="bbox 394 2659 2662 2744; baseline -0.001 -22"><span class='ocrx_word' id='word_1_160' title='bbox 394 2661 694 2744; x_wconf 65' lang='lat' dir='ltr'>„Aliquid</span> <span class='ocrx_word' id='word_1_161' title='bbox 736 2662 907 2736; x_wconf 77' lang='lat' dir='ltr'>cedo,</span> <span class='ocrx_word' id='word_1_162' title='bbox 958 2661 1078 2738; x_wconf 74' lang='lat' dir='ltr'>Qui</span> <span class='ocrx_word' id='word_1_163' title='bbox 1119 2661 1295 2721; x_wconf 68' lang='lat' dir='ltr'>vicini</span> <span class='ocrx_word' id='word_1_164' title='bbox 1332 2662 1483 2723; x_wconf 75' lang='lat' dir='ltr'>hanc</span> <span class='ocrx_word' id='word_1_165' title='bbox 1527 2673 1792 2723; x_wconf 73' lang='lat' dir='ltr'>nostram</span> <span class='ocrx_word' id='word_1_166' title='bbox 1834 2683 2086 2742; x_wconf 66' lang='lat' dir='ltr'>augyeam.</span> <span class='ocrx_word' id='word_1_167' title='bbox 2131 2684 2307 2722; x_wconf 77' lang='lat' dir='ltr'>aram</span> <span class='ocrx_word' id='word_1_168' title='bbox 2346 2659 2662 2742; x_wconf 72' lang='lat' dir='ltr'>Apollinis,</span> 
     </span>
     <span class='ocr_line' id='line_1_21' title="bbox 398 2777 2666 2863; baseline -0.002 -22"><span class='ocrx_word' id='word_1_169' title='bbox 398 2780 506 2842; x_wconf 84' lang='lat' dir='ltr'>Da</span> <span class='ocrx_word' id='word_1_170' title='bbox 561 2803 702 2843; x_wconf 72' lang='lat' dir='ltr'>sane</span> <span class='ocrx_word' id='word_1_171' title='bbox 759 2780 910 2843; x_wconf 73' lang='lat' dir='ltr'>hanc</span> <span class='ocrx_word' id='word_1_172' title='bbox 969 2782 1201 2863; x_wconf 71' lang='lat' dir='ltr'>viryam</span> <span class='ocrx_word' id='word_1_173' title='bbox 1258 2780 1479 2842; x_wconf 55' lang='lat' dir='ltr'>Zauri‘fi</span> <span class='ocrx_word' id='word_1_174' title='bbox 1593 2780 1776 2844; x_wconf 82' lang='lat' dir='ltr'>Most.</span> <span class='ocrx_word' id='word_1_175' title='bbox 1838 2782 2000 2843; x_wconf 81' lang='lat'>1079</span> <span class='ocrx_word' id='word_1_176' title='bbox 2046 2803 2192 2863; x_wconf 67' lang='lat'><em>„690</em></span> <span class='ocrx_word' id='word_1_177' title='bbox 2235 2779 2472 2842; x_wconf 75' lang='lat' dir='ltr'>interim</span> <span class='ocrx_word' id='word_1_178' title='bbox 2515 2777 2666 2838; x_wconf 76' lang='lat' dir='ltr'>hanc</span> 
     </span>
     <span class='ocr_line' id='line_1_22' title="bbox 392 2897 2668 2982; baseline -0.001 -22"><span class='ocrx_word' id='word_1_179' title='bbox 392 2922 571 2960; x_wconf 80' lang='lat' dir='ltr'>aram</span> <span class='ocrx_word' id='word_1_180' title='bbox 613 2901 951 2980; x_wconf 73' lang='lat' dir='ltr'>occupabo“</span> <span class='ocrx_word' id='word_1_181' title='bbox 1015 2900 1114 2979; x_wconf 86' lang='lat' dir='ltr'>(cf.</span> <span class='ocrx_word' id='word_1_182' title='bbox 1160 2919 1296 2962; x_wconf 73' lang='lat' dir='ltr'>exc.</span> <span class='ocrx_word' id='word_1_183' title='bbox 1345 2899 1445 2981; x_wconf 87' lang='grc'>1.),</span> <span class='ocrx_word' id='word_1_184' title='bbox 1514 2900 1750 2982; x_wconf 88' lang='lat' dir='ltr'>quibus</span> <span class='ocrx_word' id='word_1_185' title='bbox 1821 2900 1897 2962; x_wconf 84' lang='lat' dir='ltr'>ad</span> <span class='ocrx_word' id='word_1_186' title='bbox 1956 2902 2265 2964; x_wconf 88' lang='lat' dir='ltr'>amussim</span> <span class='ocrx_word' id='word_1_187' title='bbox 2326 2897 2668 2981; x_wconf 84' lang='lat' dir='ltr'>respondet</span> 
     </span>
     <span class='ocr_line' id='line_1_23' title="bbox 393 3018 2666 3104; baseline -0.001 -22"><span class='ocrx_word' id='word_1_188' title='bbox 393 3021 814 3104; x_wconf 85' lang='lat' dir='ltr'>fragmentum</span> <span class='ocrx_word' id='word_1_189' title='bbox 864 3020 1195 3083; x_wconf 84' lang='lat' dir='ltr'>Menandri</span> <span class='ocrx_word' id='word_1_190' title='bbox 1250 3019 1369 3082; x_wconf 89' lang='lat' dir='ltr'>fab.</span> <span class='ocrx_word' id='word_1_191' title='bbox 1420 3022 1543 3082; x_wconf 92' lang='lat' dir='ltr'>inc.</span> <span class='ocrx_word' id='word_1_192' title='bbox 1588 3023 1645 3082; x_wconf 86' lang='lat'>4.</span> <span class='ocrx_word' id='word_1_193' title='bbox 1693 3041 1749 3103; x_wconf 91' lang='lat' dir='ltr'>p.</span> <span class='ocrx_word' id='word_1_194' title='bbox 1798 3022 1941 3100; x_wconf 92' lang='grc'>280,</span> <span class='ocrx_word' id='word_1_195' title='bbox 1999 3021 2118 3082; x_wconf 84' lang='grc'>207</span> <span class='ocrx_word' id='word_1_196' title='bbox 2169 3021 2360 3083; x_wconf 88' lang='lat' dir='ltr'>Mein.</span> <span class='ocrx_word' id='word_1_197' title='bbox 2413 3018 2666 3097; x_wconf 51' lang='lat' dir='ltr'>„Konde-</span> 
     </span>
     <span class='ocr_line' id='line_1_24' title="bbox 395 3128 2666 3225; baseline 0.001 -23"><span class='ocrx_word' id='word_1_198' title='bbox 395 3133 615 3225; x_wconf 73' lang='grc' dir='ltr'>δοῦμαι</span> <span class='ocrx_word' id='word_1_199' title='bbox 664 3133 715 3202; x_wconf 75' lang='grc' dir='ltr'>δ’</span> <span class='ocrx_word' id='word_1_200' title='bbox 770 3131 983 3202; x_wconf 71' lang='grc' dir='ltr'>ἐνθαδὶ</span> <span class='ocrx_word' id='word_1_201' title='bbox 1026 3134 1132 3215; x_wconf 81' lang='grc' dir='ltr'>τὸν</span> <span class='ocrx_word' id='word_1_202' title='bbox 1172 3128 1396 3210; x_wconf 78' lang='grc' dir='ltr'>Λοξίαν</span> <span class='ocrx_word' id='word_1_203' title='bbox 1440 3143 1662 3200; x_wconf 79' lang='grc' dir='ltr'>τοῦτον</span> <span class='ocrx_word' id='word_1_204' title='bbox 1702 3130 2129 3219; x_wconf 44' lang='grc' dir='ltr'>καταλαβώνιι.</span> <span class='ocrx_word' id='word_1_205' title='bbox 2190 3139 2337 3201; x_wconf 88' lang='lat' dir='ltr'>Aul.</span> <span class='ocrx_word' id='word_1_206' title='bbox 2386 3140 2507 3201; x_wconf 84' lang='lat'>598</span> <span class='ocrx_word' id='word_1_207' title='bbox 2529 3158 2666 3220; x_wconf 85' lang='lat' dir='ltr'>sqq.</span> 
     </span>
     <span class='ocr_line' id='line_1_25' title="bbox 397 3258 2668 3339; baseline 0 -20"><span class='ocrx_word' id='word_1_208' title='bbox 397 3281 595 3333; x_wconf 80' lang='lat' dir='ltr'>„nunc</span> <span class='ocrx_word' id='word_1_209' title='bbox 634 3260 757 3321; x_wconf 66' lang='lat' dir='ltr'>sine</span> <span class='ocrx_word' id='word_1_210' title='bbox 812 3260 975 3321; x_wconf 79' lang='lat' dir='ltr'>omni</span> <span class='ocrx_word' id='word_1_211' title='bbox 1026 3258 1345 3338; x_wconf 69' lang='lat' dir='ltr'>suspitione</span> <span class='ocrx_word' id='word_1_212' title='bbox 1382 3259 1447 3318; x_wconf 74' lang='lat' dir='ltr'>iu</span> <span class='ocrx_word' id='word_1_213' title='bbox 1493 3281 1609 3319; x_wconf 75' lang='lat' dir='ltr'>ara</span> <span class='ocrx_word' id='word_1_214' title='bbox 1663 3258 1757 3320; x_wconf 74' lang='lat' dir='ltr'>hio</span> <span class='ocrx_word' id='word_1_215' title='bbox 1799 3259 2080 3321; x_wconf 74' lang='lat' dir='ltr'>adsidam</span> <span class='ocrx_word' id='word_1_216' title='bbox 2122 3281 2296 3320; x_wconf 76' lang='lat' dir='ltr'>sacra</span> <span class='ocrx_word' id='word_1_217' title='bbox 2314 3283 2332 3319; x_wconf 90' lang='lat'><em>:</em></span> <span class='ocrx_word' id='word_1_218' title='bbox 2391 3258 2524 3319; x_wconf 77' lang='lat' dir='ltr'>hinc</span> <span class='ocrx_word' id='word_1_219' title='bbox 2566 3280 2668 3339; x_wconf 71' lang='lat' dir='ltr'>eqo</span> 
     </span>
     <span class='ocr_line' id='line_1_26' title="bbox 391 3377 2661 3461; baseline -0.002 -20"><span class='ocrx_word' id='word_1_220' title='bbox 391 3389 598 3459; x_wconf 79' lang='lat' dir='ltr'>potero</span> <span class='ocrx_word' id='word_1_221' title='bbox 659 3378 805 3461; x_wconf 76' lang='lat' dir='ltr'>quid</span> <span class='ocrx_word' id='word_1_222' title='bbox 859 3389 1040 3460; x_wconf 68' lang='lat' dir='ltr'>ayant</span> <span class='ocrx_word' id='word_1_223' title='bbox 1099 3377 1521 3438; x_wconf 57' lang='lat' dir='ltr'>arbitrarier-‘ss</span> <span class='ocrx_word' id='word_1_224' title='bbox 1611 3379 1683 3440; x_wconf 87' lang='lat' dir='ltr'>cf.</span> <span class='ocrx_word' id='word_1_225' title='bbox 1743 3377 1989 3445; x_wconf 79' lang='lat' dir='ltr'>Terent.</span> <span class='ocrx_word' id='word_1_226' title='bbox 2051 3379 2245 3440; x_wconf 88' lang='lat' dir='ltr'>Andr.</span> <span class='ocrx_word' id='word_1_227' title='bbox 2313 3378 2426 3459; x_wconf 83' lang='lat' dir='ltr'>IV,</span> <span class='ocrx_word' id='word_1_228' title='bbox 2472 3378 2530 3458; x_wconf 86' lang='lat'>3,</span> <span class='ocrx_word' id='word_1_229' title='bbox 2592 3378 2661 3438; x_wconf 88' lang='lat' dir='ltr'>ll</span> 
     </span>
     <span class='ocr_line' id='line_1_27' title="bbox 401 3495 2670 3578; baseline -0.001 -19"><span class='ocrx_word' id='word_1_230' title='bbox 401 3497 536 3578; x_wconf 86' lang='lat' dir='ltr'>„Ex</span> <span class='ocrx_word' id='word_1_231' title='bbox 597 3518 703 3561; x_wconf 89' lang='lat' dir='ltr'>ara</span> <span class='ocrx_word' id='word_1_232' title='bbox 754 3498 902 3560; x_wconf 89' lang='lat' dir='ltr'>hinc</span> <span class='ocrx_word' id='word_1_233' title='bbox 957 3517 1139 3561; x_wconf 87' lang='lat' dir='ltr'>sume</span> <span class='ocrx_word' id='word_1_234' title='bbox 1200 3495 1508 3559; x_wconf 85' lang='lat' dir='ltr'>verbenas</span> <span class='ocrx_word' id='word_1_235' title='bbox 1568 3497 1745 3578; x_wconf 65' lang='lat' dir='ltr'>tibr‘,</span> <span class='ocrx_word' id='word_1_236' title='bbox 1814 3497 1921 3560; x_wconf 89' lang='lat' dir='ltr'>ubi</span> <span class='ocrx_word' id='word_1_237' title='bbox 1987 3497 2277 3561; x_wconf 84' lang='lat' dir='ltr'>Donatus</span> <span class='ocrx_word' id='word_1_238' title='bbox 2337 3497 2670 3559; x_wconf 85' lang='lat' dir='ltr'>Menandri</span> 
     </span>
     <span class='ocr_line' id='line_1_28' title="bbox 399 3608 2669 3700; baseline -0.001 -22"><span class='ocrx_word' id='word_1_239' title='bbox 399 3616 594 3680; x_wconf 83' lang='lat' dir='ltr'>verba</span> <span class='ocrx_word' id='word_1_240' title='bbox 636 3617 814 3680; x_wconf 77' lang='lat' dir='ltr'>affert.</span> <span class='ocrx_word' id='word_1_241' title='bbox 860 3638 898 3680; x_wconf 91' lang='lat' dir='ltr'>a</span> <span class='ocrx_word' id='word_1_242' title='bbox 940 3617 1260 3680; x_wconf 84' lang='lat' dir='ltr'>Meinekio</span> <span class='ocrx_word' id='word_1_243' title='bbox 1309 3617 1344 3678; x_wconf 94' lang='lat' dir='ltr'>l.</span> <span class='ocrx_word' id='word_1_244' title='bbox 1394 3636 1444 3683; x_wconf 87' lang='lat' dir='ltr'>c.</span> <span class='ocrx_word' id='word_1_245' title='bbox 1493 3620 1603 3678; x_wconf 90' lang='lat' dir='ltr'>sic.</span> <span class='ocrx_word' id='word_1_246' title='bbox 1648 3621 1936 3680; x_wconf 81' lang='lat' dir='ltr'>restituta</span> <span class='ocrx_word' id='word_1_247' title='bbox 1980 3611 2135 3696; x_wconf 79' lang='grc' dir='ltr'>,,ἀπὸ</span> <span class='ocrx_word' id='word_1_248' title='bbox 2181 3608 2372 3688; x_wconf 79' lang='grc' dir='ltr'>Λοξία</span> <span class='ocrx_word' id='word_1_249' title='bbox 2417 3610 2485 3677; x_wconf 80' lang='grc' dir='ltr'>σὺ</span> <span class='ocrx_word' id='word_1_250' title='bbox 2530 3638 2669 3700; x_wconf 83' lang='grc' dir='ltr'>μυρ-</span> 
     </span>
     <span class='ocr_line' id='line_1_29' title="bbox 399 3726 2670 3819; baseline 0.002 -25"><span class='ocrx_word' id='word_1_251' title='bbox 399 3735 550 3819; x_wconf 85' lang='grc' dir='ltr'><strong>ρίνας</strong></span> <span class='ocrx_word' id='word_1_252' title='bbox 602 3726 771 3796; x_wconf 77' lang='grc' dir='ltr'>τασδὶ</span> <span class='ocrx_word' id='word_1_253' title='bbox 814 3733 1020 3816; x_wconf 76' lang='grc' dir='ltr'>λαβὼν</span> <span class='ocrx_word' id='word_1_254' title='bbox 1057 3728 1382 3799; x_wconf 80' lang='grc' dir='ltr'><strong>ὑπότεινε“.</strong></span> <span class='ocrx_word' id='word_1_255' title='bbox 1442 3734 1518 3797; x_wconf 86' lang='lat' dir='ltr'>In</span> <span class='ocrx_word' id='word_1_256' title='bbox 1552 3736 1771 3800; x_wconf 87' lang='lat' dir='ltr'>eadem</span> <span class='ocrx_word' id='word_1_257' title='bbox 1803 3757 1909 3799; x_wconf 86' lang='lat' dir='ltr'>ara</span> <span class='ocrx_word' id='word_1_258' title='bbox 1939 3736 2205 3818; x_wconf 82' lang='lat' dir='ltr'>Dianae,</span> <span class='ocrx_word' id='word_1_259' title='bbox 2238 3736 2403 3799; x_wconf 83' lang='lat' dir='ltr'>haud</span> <span class='ocrx_word' id='word_1_260' title='bbox 2434 3737 2670 3798; x_wconf 86' lang='lat' dir='ltr'>mirum</span> 
     </span>
     <span class='ocr_line' id='line_1_30' title="bbox 401 3855 2670 3939; baseline -0.001 -22"><span class='ocrx_word' id='word_1_261' title='bbox 401 3859 471 3917; x_wconf 87' lang='lat' dir='ltr'>ut</span> <span class='ocrx_word' id='word_1_262' title='bbox 516 3857 715 3919; x_wconf 88' lang='lat' dir='ltr'>sorori</span> <span class='ocrx_word' id='word_1_263' title='bbox 758 3856 1101 3939; x_wconf 78' lang='lat' dir='ltr'>ApolliniS,</span> <span class='ocrx_word' id='word_1_264' title='bbox 1148 3857 1535 3920; x_wconf 82' lang='lat' dir='ltr'>sacrificatur</span> <span class='ocrx_word' id='word_1_265' title='bbox 1577 3857 1708 3920; x_wconf 83' lang='lat' dir='ltr'>Mil.</span> <span class='ocrx_word' id='word_1_266' title='bbox 1753 3858 1873 3919; x_wconf 83' lang='lat'>411</span> <span class='ocrx_word' id='word_1_267' title='bbox 1911 3875 2048 3938; x_wconf 89' lang='lat' dir='ltr'>sqq.</span> <span class='ocrx_word' id='word_1_268' title='bbox 2142 3856 2331 3937; x_wconf 79' lang='lat' dir='ltr'>„Inde</span> <span class='ocrx_word' id='word_1_269' title='bbox 2373 3856 2566 3936; x_wconf 70' lang='lat' dir='ltr'>iynem</span> <span class='ocrx_word' id='word_1_270' title='bbox 2607 3855 2670 3915; x_wconf 79' lang='lat' dir='ltr'>in</span> 
     </span>
     <span class='ocr_line' id='line_1_31' title="bbox 400 3975 2673 4058; baseline 0 -23"><span class='ocrx_word' id='word_1_271' title='bbox 400 3996 576 4036; x_wconf 79' lang='lat' dir='ltr'>aram</span> <span class='ocrx_word' id='word_1_272' title='bbox 647 3985 710 4035; x_wconf 76' lang='lat' dir='ltr'>ut</span> <span class='ocrx_word' id='word_1_273' title='bbox 779 3975 1084 4055; x_wconf 75' lang='lat' dir='ltr'>Ephesiae</span> <span class='ocrx_word' id='word_1_274' title='bbox 1141 3975 1391 4036; x_wconf 72' lang='lat' dir='ltr'>Dianae</span> <span class='ocrx_word' id='word_1_275' title='bbox 1468 3976 1622 4037; x_wconf 76' lang='lat' dir='ltr'>laeta</span> <span class='ocrx_word' id='word_1_276' title='bbox 1679 3976 1883 4037; x_wconf 77' lang='lat' dir='ltr'>laudes</span> <span class='ocrx_word' id='word_1_277' title='bbox 1940 3976 2244 4058; x_wconf 67' lang='lat' dir='ltr'>qratisque</span> <span class='ocrx_word' id='word_1_278' title='bbox 2310 3983 2556 4056; x_wconf 50' lang='lat' dir='ltr'>ayam‘ss</span> <span class='ocrx_word' id='word_1_279' title='bbox 2610 3981 2673 4036; x_wconf 86' lang='lat' dir='ltr'>ct</span> 
     </span>
     <span class='ocr_line' id='line_1_32' title="bbox 402 4091 2672 4177; baseline -0.001 -23"><span class='ocrx_word' id='word_1_280' title='bbox 402 4091 583 4156; x_wconf 77' lang='lat' dir='ltr'>Tmo.</span> <span class='ocrx_word' id='word_1_281' title='bbox 631 4092 715 4174; x_wconf 84' lang='lat' dir='ltr'>II,</span> <span class='ocrx_word' id='word_1_282' title='bbox 760 4095 818 4175; x_wconf 79' lang='lat'>5,</span> <span class='ocrx_word' id='word_1_283' title='bbox 860 4094 939 4155; x_wconf 78' lang='lat'>23</span> <span class='ocrx_word' id='word_1_284' title='bbox 974 4113 1066 4175; x_wconf 87' lang='lat' dir='ltr'>sq.</span> <span class='ocrx_word' id='word_1_285' title='bbox 1111 4094 1288 4174; x_wconf 80' lang='lat'>(476)</span> <span class='ocrx_word' id='word_1_286' title='bbox 1336 4094 1545 4168; x_wconf 82' lang='lat' dir='ltr'>„Date</span> <span class='ocrx_word' id='word_1_287' title='bbox 1585 4096 1672 4156; x_wconf 66' lang='lat' dir='ltr'>mi</span> <span class='ocrx_word' id='word_1_288' title='bbox 1712 4094 1823 4157; x_wconf 77' lang='lat' dir='ltr'>huc</span> <span class='ocrx_word' id='word_1_289' title='bbox 1866 4104 2113 4155; x_wconf 70' lang='lat' dir='ltr'>stactam</span> <span class='ocrx_word' id='word_1_290' title='bbox 2155 4105 2330 4177; x_wconf 75' lang='lat' dir='ltr'>atque</span> <span class='ocrx_word' id='word_1_291' title='bbox 2375 4095 2562 4174; x_wconf 70' lang='lat' dir='ltr'>iynem</span> <span class='ocrx_word' id='word_1_292' title='bbox 2611 4094 2672 4153; x_wconf 75' lang='lat' dir='ltr'>in</span> 
     </span>
    </p>
   </div>
   <div class='ocr_carea' id='block_1_2' title="bbox 401 4208 2670 4299">
    <p class='ocr_par' dir='ltr' id='par_1_3' title="bbox 401 4208 2670 4299">
     <span class='ocr_line' id='line_1_33' title="bbox 401 4208 2670 4299; baseline 0.001 -27"><span class='ocrx_word' id='word_1_293' title='bbox 401 4235 598 4287; x_wconf 80' lang='lat' dir='ltr'>aram,</span> <span class='ocrx_word' id='word_1_294' title='bbox 654 4223 716 4272; x_wconf 74' lang='lat' dir='ltr'>ut</span> <span class='ocrx_word' id='word_1_295' title='bbox 760 4233 1025 4275; x_wconf 70' lang='lat' dir='ltr'>venerem</span> <span class='ocrx_word' id='word_1_296' title='bbox 1070 4212 1368 4275; x_wconf 69' lang='lat' dir='ltr'>szinam</span> <span class='ocrx_word' id='word_1_297' title='bbox 1416 4223 1654 4276; x_wconf 74' lang='lat' dir='ltr'>mecwn“</span> <span class='ocrx_word' id='word_1_298' title='bbox 1723 4217 1834 4296; x_wconf 85' lang='lat' dir='ltr'>(sc.</span> <span class='ocrx_word' id='word_1_299' title='bbox 1875 4208 2145 4299; x_wconf 83' lang='grc' dir='ltr'>Ἄρτεμιν</span> <span class='ocrx_word' id='word_1_300' title='bbox 2189 4213 2535 4274; x_wconf 74' lang='grc' dir='ltr'>Εἰλείθυιαν</span> <span class='ocrx_word' id='word_1_301' title='bbox 2594 4214 2670 4275; x_wconf 87' lang='lat' dir='ltr'>cf.</span> 
     </span>
    </p>
   </div>
   <div class='ocr_carea' id='block_1_3' title="bbox 402 4331 2670 4423">
    <p class='ocr_par' dir='ltr' id='par_1_4' title="bbox 402 4331 2670 4423">
     <span class='ocr_line' id='line_1_34' title="bbox 402 4331 2670 4423; baseline 0.002 -29"><span class='ocrx_word' id='word_1_302' title='bbox 402 4352 462 4423; x_wconf 88' lang='lat' dir='ltr'>p.</span> <span class='ocrx_word' id='word_1_303' title='bbox 495 4333 618 4414; x_wconf 82' lang='grc'>23).</span> <span class='ocrx_word' id='word_1_304' title='bbox 708 4331 888 4396; x_wconf 80' lang='lat' dir='ltr'>Patet</span> <span class='ocrx_word' id='word_1_305' title='bbox 927 4334 1121 4415; x_wconf 87' lang='lat' dir='ltr'>igitur</span> <span class='ocrx_word' id='word_1_306' title='bbox 1158 4335 1319 4400; x_wconf 87' lang='lat' dir='ltr'>hanc</span> <span class='ocrx_word' id='word_1_307' title='bbox 1348 4354 1519 4401; x_wconf 84' lang='lat' dir='ltr'>aram</span> <span class='ocrx_word' id='word_1_308' title='bbox 1555 4336 1632 4400; x_wconf 83' lang='lat' dir='ltr'>ad</span> <span class='ocrx_word' id='word_1_309' title='bbox 1665 4337 1991 4400; x_wconf 81' lang='lat' dir='ltr'>scenicum</span> <span class='ocrx_word' id='word_1_310' title='bbox 2023 4339 2394 4417; x_wconf 83' lang='lat' dir='ltr'>apparatum</span> <span class='ocrx_word' id='word_1_311' title='bbox 2426 4336 2670 4398; x_wconf 82' lang='lat' dir='ltr'>Atticae</span> 
     </span>
    </p>
   </div>
   <div class='ocr_carea' id='block_1_4' title="bbox 3020 0 3023 1077">
    <p class='ocr_par' dir='ltr' id='par_1_5' title="bbox 3020 0 3023 1077">
     <span class='ocr_line' id='line_1_35' title="bbox 3020 0 3023 1077; baseline 0 0"><span class='ocrx_word' id='word_1_312' title='bbox 3020 0 3023 1077; x_wconf 95' lang='lat' dir='ltr'> </span> 
     </span>
    </p>
   </div>
   <div class='ocr_carea' id='block_1_5' title="bbox 3019 3579 3025 4962">
    <p class='ocr_par' dir='ltr' id='par_1_6' title="bbox 3019 3579 3025 4962">
     <span class='ocr_line' id='line_1_36' title="bbox 3019 3579 3025 4962; baseline 0 0"><span class='ocrx_word' id='word_1_313' title='bbox 3019 3579 3025 4962; x_wconf 95' lang='lat' dir='ltr'> </span> 
     </span>
    </p>
   </div>
  </div>
 </body>
</html>
