3028 4990
1319 322 1695 404 -.7··-

372 514 596 597 ditum,
653 517 1058 580 collaudatur.
1159 518 1294 583 Iam
1339 517 1642 601 Neptuno
1690 519 1921 610 Gripus
1949 522 2109 602 'agit
2163 520 2417 602 gratiaS,
2475 520 2644 602 quod

370 637 492 698 reti
538 654 655 699 suo
704 637 996 700 vidulum
1043 641 1112 700 ut
1156 640 1446 721 opinatur
1492 659 1645 702 auro
1691 641 2075 723 completum
2106 640 2259 701 mari
2296 640 2647 702 extraxerit

374 755 525 835 (906
573 759 758 838 sqq),
833 775 977 819 cum
1035 759 1398 841 piscatores,
1461 761 1571 841 qui
1633 760 1814 822 initio
1871 763 2050 822 actus
2110 758 2188 820 II.
2254 759 2322 820 in
2388 776 2646 821 scenam

373 872 707 956 prodeunt,
752 875 1092 959 Venerem,
1148 879 1332 953 cuius
1379 879 1600 941 fanum
1640 899 1831 963 prope
1875 880 2072 960 adest,
2116 881 2523 959 venerentur,
2576 881 2649 939 ut

374 1012 749 1076 prosperum
798 995 922 1059 sibi
968 998 1323 1060 commodet
1361 998 1690 1080 piscatum.

547 1113 635 1176 Ut
674 1115 742 1176 in
782 1112 1118 1199 RudentiS,
1158 1119 1251 1180 sic
1293 1119 1358 1179 in
1406 1115 1511 1179 Po
1536 1118 1766 1180 enuli
1812 1134 2068 1199 quoque
2116 1117 2487 1197 argumento
2518 1113 2648 1176 Ve-

374 1253 501 1296 nus
564 1235 903 1317 insignem,
967 1238 1260 1319 quamvis
1325 1239 1584 1316 mutam,
1646 1237 1920 1300 sustinet
1973 1253 2327 1319 personam.
2420 1232 2651 1315 Agitur

376 1355 551 1417 enim
609 1355 765 1418 haec
819 1353 1032 1418 fabula
1091 1354 1411 1436 Calydone
1477 1356 1576 1437 (cf.
1620 1356 1699 1437 V,
1742 1357 1803 1436 4,
1853 1355 1955 1434 13)
2013 1355 2081 1415 in
2141 1352 2300 1416 urbe
2360 1354 2647 1416 Aetoliae

376 1473 481 1552 (cf.
531 1472 645 1554 ΙΙΙ,
692 1474 730 1534 3
777 1493 868 1557 sq.
917 1474 996 1554 V,
1043 1477 1102 1557 2,
1151 1476 1279 1555 97),
1325 1475 1726 1558 Aphrodisiis
1773 1475 1870 1555 (cf.
1918 1474 1967 1556 Ι,
2020 1475 2075 1554 1,
2108 1474 2187 1535 62
2229 1491 2322 1555 sq.
2368 1471 2419 1554 I,
2452 1475 2511 1554 2,
2543 1474 2642 1534 45.

374 1592 461 1672 ΙΙ,
505 1595 603 1657 49.
669 1592 784 1674 ΙΙΙ,
837 1578 894 1673 ’5,
944 1595 1037 1659 13.
1099 1593 1213 1673 IV,
1259 1595 1318 1673 2,
1363 1594 1460 1655 26.
1513 1594 1594 1674 V,
1643 1595 1699 1675 3,
1746 1596 1844 1673 14)
1896 1596 1935 1656 i.
1986 1613 2038 1656 e.
2081 1583 2432 1677 Ἀφροδίτης
2475 1592 2650 1652 Παν-

377 1702 574 1795 δήμου
619 1713 719 1775 die
759 1713 939 1791 festo,
997 1714 1107 1794 qui
1148 1690 1465 1795 quomodo
1506 1712 1858 1776 celebratus
1906 1715 1988 1776 sit
2030 1731 2236 1775 novae
2284 1711 2649 1775 comoediae

375 1831 768 1914 temporibus
816 1852 901 1896 ex
947 1830 1155 1895 Plauti
1201 1833 1627 1913 descriptione
1673 1836 1910 1914 optime
1954 1832 2420 1917 cognoscimus
2514 1829 2650 1893 Iam

377 1955 526 2013 ante
583 1952 791 2014 lucem
852 1952 1202 2015 nonnullae
1266 1954 1628 2015 meretrices
1690 1952 1767 2014 ad
1821 1953 2044 2017 aedem
2090 1952 2364 2015 Veneris
2410 1956 2652 2013 exeunt

380 2075 451 2134 ut
491 2073 729 2154 primae
775 2073 989 2154 ignem
1021 2074 1102 2165 ‚in
1153 2091 1324 2134 aram
1355 2073 1493 2133 eius
1529 2073 1800 2135 inserant
1843 2071 1919 2154 (Ι,
1952 2075 2010 2154 2,
2044 2073 2163 2134 108
2196 2072 2376 2154 sqq).
2467 2069 2658 2146 Post:

379 2212 575 2274 quam
618 2211 839 2254 omnes
884 2193 1239 2255 lautissime
1286 2196 1542 2254 ornatae
1589 2192 1662 2272 (Ι,
1695 2193 1754 2273 2,
1786 2195 1824 2256 8
1867 2194 2031 2274 sqq.)
2078 2211 2153 2254 eo
2193 2196 2653 2271 convenerunt,

380 2313 537 2374 deae
584 2313 807 2375 hostiis
865 2312 1002 2392 (IV,
1035 2315 1094 2393 2,
1127 2314 1225 2374 27.
1279 2311 1349 2392 V,
1380 2315 1440 2392 4,
1471 2312 1581 2392 49)
1628 2315 1737 2374 aut
1778 2315 1915 2374 ture
1962 2310 2319 2373 sacrificant
2360 2310 2466 2392 (V,
2498 2313 2559 2391 4,
2593 2311 2651 2391 9)

380 2436 572 2514 atque
635 2433 974 2513 iuventuti,
1040 2451 1202 2515 quae
1270 2434 1452 2515 quasi
1511 2433 1580 2493 in
1640 2435 1989 2493 mercatum
2050 2449 2125 2492 eo
2187 2429 2519 2512 confluxit,
2583 2449 2652 2492 se

382 2551 729 2615 ostendunt
784 2552 1242 2635 venditantque
1303 2552 1381 2633 (I,
1426 2555 1485 2635 2,
1535 2554 1654 2615 129
1703 2552 1840 2634 sq).
1933 2550 2137 2614 Simul
2194 2551 2484 2630 lenoneS,
2546 2551 2655 2632 qui

383 2671 472 2734 ibi
523 2675 728 2735 scorta
775 2692 891 2736 sua
933 2674 1188 2736 venalia
1229 2672 1465 2737 habent
1518 2671 1591 2753 (I,
1640 2673 1699 2751 2,
1746 2672 1870 2751 55),
1916 2670 2153 2733 Veneri
2198 2674 2339 2733 ture
2386 2674 2494 2733 aut
2546 2671 2656 2731 ho-

383 2793 523 2854 stiis
587 2811 720 2854 rem
783 2793 1067 2856 divinam
1119 2794 1359 2857 faciunt
1419 2791 1530 2873 (ΙΙ,
1576 2795 1613 2854 2
1662 2795 1841 2874 sqq.).
1951 2790 2091 2865 Qua
2147 2792 2214 2852 in
2277 2809 2346 2852 re
2403 2793 2658 2873 apparet

382 2911 540 2991 Lyci
602 2912 850 2975 lenonis
913 2915 1173 2976 avaritia
1221 2917 1282 2976 et
1325 2914 1629 2992 versutia,
1684 2913 1795 2994 qui
1846 2931 1992 2974 cum
2039 2929 2157 2972 sex
2204 2911 2386 2991 agnis
2430 2912 2657 2973 immo-

386 3031 528 3092 latis
596 3036 871 3113 nequeat
932 3033 1110 3094 litare
1181 3032 1573 3118 (καλλιερεῒν),
1638 3032 1941 3113 quoniam
2010 3031 2334 3112 haruspex
2395 3021 2657 3114 (μάντις)
2700 3040 2704 3044 ’

388 3155 537 3212 exta
596 3170 724 3212 non
783 3149 949 3214 bona
998 3171 1141 3215 esse
1186 3153 1446 3231 dixerit,
1512 3171 1780 3234 pausam
1822 3151 2008 3213 faciat
2050 3149 2422 3213 immolandi
2468 3154 2658 3232 atque

389 3269 545 3332 adeo
601 3290 709 3332 eas
767 3271 1113 3333 hostiarum
1172 3276 1405 3355 parteS,
1473 3292 1637 3355 quac
1682 3272 1780 3336 dis
1827 3290 2041 3334 sacrae
2087 3290 2229 3333 esse
2277 3270 2502 3350 solent,
2565 3271 2659 3331 eis

394 3410 519 3452 non
561 3391 873 3474 reddat*),
921 3393 1033 3455 sed
1080 3394 1408 3474 impendat
1456 3393 1532 3455 ad
1575 3392 1933 3475 prandium,
1979 3391 2147 3474 quod
2194 3408 2262 3451 se
2310 3390 2494 3451 militi
2526 3391 2660 3451 cui-

391 3510 534 3572 dam
564 3511 838 3593 glorioso
865 3512 1159 3575 daturum
1185 3531 1328 3576 esse
1352 3514 1645 3596 promisit
1668 3512 1766 3593 (cf.
1791 3509 1873 3593 II,
1893 3511 1989 3572 23.
2015 3511 2115 3572 44.
2141 3509 2220 3571 53
2249 3528 2341 3592 sq.
2369 3509 2558 3592 HI,3,
2576 3510 2658 3592 3).

531 3737 576 3785 *l
616 3770 647 3794 n
666 3734 808 3782 Vetm'
842 3742 959 3781 emta
992 3735 1352 3797 prosicarier⁴‘
1390 3734 1633 3786 lenonem
1658 3731 1886 3785 Plautus
1915 3728 2185 3782 dicentem
2213 3727 2347 3781 facit
2372 3727 2663 3781 secundum

392 3820 690 3872 Romanum
732 3817 1068 3872 sacrificandi
1104 3820 1287 3883 ritum,
1324 3820 1362 3872 i.
1388 3836 1430 3872 e.
1459 3818 1607 3872 vetui
1636 3820 1759 3870 exta
1783 3816 2097 3885 priusquam
2124 3814 2230 3866 aris
2258 3814 2665 3883 imponerentur

392 3907 495 3959 rite
547 3905 613 3958 ab
664 3905 946 3973 haruspice
995 3904 1264 3967 dissecari,
1318 3906 1384 3959 cf.
1423 3903 2064 3972 Marquardt-Mommsen
2107 3901 2195 3965 VI,
2232 3916 2284 3969 p.
2325 3899 2442 3952 177.
2517 3899 2663 3964 Quae

394 3996 691 4062 sequuntur
741 3994 798 4045 in
835 4009 881 4044 v,
921 3993 954 4043 9
992 3991 1204 4055 „Neque
1245 4011 1306 4041 ea
1346 3992 1618 4056 adspicere
1658 3990 1753 4057 (sc.
1791 3989 2157 4057 haruspicem)
2196 3990 2341 4038 volui.
2420 3988 2662 4046 Quoniam

398 4100 490 4131 uon
529 4084 692 4131 bona“
734 4085 835 4133 etc.
875 4084 931 4133 et
967 4083 1136 4133 metro
1175 4095 1328 4134 cassa
1364 4081 1506 4141 sunt,
1545 4080 1764 4146 propter
1798 4077 2010 4130 hiatum
2047 4076 2298 4130 illicitum
2338 4077 2464 4144 post
2491 4094 2569 4134 ea,
2610 4077 2665 4128 et

395 4186 570 4231 sensu,
623 4166 764 4237 quod
813 4170 937 4219 exta
987 4170 1276 4235 antequam
1323 4167 1671 4233 prosecentur
1715 4162 1992 4216 observata
2040 4178 2153 4216 esse
2203 4161 2417 4223 debent,
2468 4164 2525 4213 et
2561 4160 2664 4213 hoc

395 4254 584 4308 fecisse
621 4254 959 4323 haruspicem
985 4251 1423 4307 antecedentibus
1450 4250 1622 4303 verbis
1650 4248 1877 4302 dilucide
1903 4250 2150 4301 notatum
2177 4250 2260 4301 est
2299 4248 2374 4314 (v.
2404 4247 2433 4300 7
2474 4248 2663 4308 „litare

398 4344 663 4408 nequeo“).
736 4340 842 4394 Pro
880 4347 978 4401 ,ea‘
1016 4338 1163 4392 haud
1199 4337 1358 4391 dubie
1393 4336 1680 4405 legendum
1718 4336 1880 4398 ,aliae
