3028 4990
343 530 406 610 2,
453 530 560 612 23)
604 548 717 611 per
758 531 967 592 iocum
1015 527 1409 611 significatur
1452 528 1591 589 ovis
1638 547 1673 589 a
1713 526 1893 610 Lupo
1926 525 2145 606 (Lyco)
2185 526 2616 609 despolianda,

344 652 409 711 et
450 646 619 710 Mars
676 649 904 712 dicitur
956 651 1014 711 ei
1067 651 1277 728 irasci,
1334 649 1484 730 quia
1537 647 1765 728 lupum
1804 646 2078 711 Romani
2123 644 2308 709 Marti
2365 664 2615 708 sacrum

344 772 650 850 putarunt
715 773 777 830 et
834 768 910 831 ab
968 786 1043 830 eo
1101 767 1398 850 gregibus
1460 768 1732 829 immitti.
1844 765 2021 842 Quae
2084 765 2343 849 quidem
2402 765 2616 847 opinio

346 885 602 949 Graecis
650 906 804 949 sane
835 885 1068 967 aberat,
1115 887 1224 948 sed
1264 890 1478 948 tamen
1511 888 1800 969 suspicor
1823 885 1926 948 hic
1962 884 2255 949 Plautum
2289 885 2619 967 exemplar

347 1010 639 1069 secutum
666 1025 831 1086 esse,
860 1025 970 1089 pro
1001 1005 1198 1068 Marte
1223 1005 1314 1067 ibi
1344 1010 1714 1088 nuncupato
1740 1005 2056 1088 Apolline,
2103 1024 2294 1087 quem
2322 1005 2618 1088 luporum

346 1125 747 1189 defensorem
769 1145 1168 1209 gregumque
1200 1130 1534 1209 patronum
1584 1126 1805 1188 Graeci
1848 1126 2375 1208 cognominarent
2398 1114 2620 1184 Λύκιον

348 1244 487 1306 sive
553 1236 805 1306 Λύκειον
871 1247 1193 1329 (quamvis
1251 1265 1319 1308 re
1380 1264 1532 1308 vera
1601 1246 1726 1308 alia
1792 1249 1963 1308 esset
2012 1245 2188 1307 vocis
2256 1246 2457 1327 origo)
2515 1243 2620 1306 vel

348 1355 729 1425 Λυκοκτόνον
771 1370 833 1427 et
870 1356 1098 1449 Νόμιον
1141 1384 1388 1448 quaeve
1434 1366 1557 1428 alia
1588 1367 1847 1428 fuerunt
1886 1366 2157 1447 epitheta
2191 1382 2307 1446 per
2334 1364 2619 1426 diversas

345 1486 632 1547 civitates
677 1486 755 1547 ad
798 1485 899 1547 dei
944 1486 1213 1568 pastoris
1254 1484 1533 1548 officium
1577 1484 1902 1548 tendentia
1948 1484 2042 1564 (cf.
2087 1481 2360 1545 Macrob.
2411 1481 2534 1545 Sat.
2569 1481 2620 1564 Ι,

353 1605 450 1685 17,
518 1607 640 1685 43).
749 1604 920 1668 Huic
990 1608 1392 1668 coniecturae
1457 1624 1590 1669 non
1659 1604 1851 1668 officit
1917 1604 2086 1687 quod
2148 1605 2315 1666 inter
2379 1622 2449 1666 se
2518 1604 2620 1666 vel

351 1724 642 1804 opposita
687 1727 837 1785 sunt
881 1722 1097 1786 Martis
1144 1728 1206 1786 et
1246 1724 1563 1806 Apollinis
1595 1743 1879 1804 munera,
1925 1723 2182 1785 alterius
2225 1722 2623 1806 propellendi

350 1843 555 1926 lupOS,
587 1844 845 1906 alterius
882 1844 1271 1926 impellendi.
1340 1843 1506 1918 Quid
1539 1844 1763 1905 enim?
1812 1842 2044 1906 Nonne
2088 1845 2323 1924 optime
2365 1862 2622 1925 quoque

353 1966 542 2025 staret
585 1963 708 2026 loci
754 1967 1088 2045 sententia,
1134 1966 1189 2026 si
1224 1964 1538 2026 diceretur
1580 1964 1737 2025 fere:
1790 1962 1930 2045 „nli
1970 1963 2366 2044 chlamydato
2396 1964 2624 2047 Apollo

354 2084 550 2145 iratus
583 2085 740 2164 est“,
787 2103 870 2148 se.
908 2087 1057 2168 quia
1089 2104 1215 2148 non
1250 2087 1486 2147 tutatur
1519 2102 1667 2146 eum
1700 2103 1737 2146 a
1765 2084 1963 2168 lupo?
2003 2081 2172 2158 Quin
2200 2085 2389 2146 etiam
2418 2086 2625 2167 aptius

353 2202 581 2285 Apollo
648 2223 795 2266 cum
861 2206 1136 2289 epitheto
1193 2194 1412 2276 Λύκιος
1479 2204 1586 2266 illo
1650 2203 1788 2266 loco
1858 2204 2075 2266 induci
2144 2204 2301 2265 mihi
2356 2204 2625 2284 videtur,

356 2324 508 2405 quia
549 2323 668 2385 hoc
711 2325 918 2407 lepide
961 2326 1183 2388 alludit
1228 2325 1304 2387 ad
1361 2325 1616 2388 lenonis
1664 2343 1899 2387 nomen
1944 2315 2208 2407 (Λύκος),
2252 2344 2290 2387 a
2319 2325 2506 2387 euius
2538 2326 2624 2406 vi,

353 2446 661 2526 quantum
707 2446 1059 2507 coniectare
1098 2445 1265 2528 licet,
1320 2446 1559 2509 dictum
1604 2445 1759 2509 illud
1805 2449 2100 2508 exortum
2140 2445 2236 2508 sit.
2290 2482 2368 2489 —-
2409 2444 2622 2528 Atque

355 2564 607 2626 iteravit
668 2564 734 2626 id
795 2566 984 2648 paulo
1047 2565 1477 2629 modificatum
1538 2567 1676 2628 sive
1731 2563 1995 2628 Plautus
2068 2566 2206 2628 sive
2268 2563 2624 2627 fabularum

357 2685 497 2746 eius
554 2690 917 2749 retractator
978 2684 1160 2749 Truc.
1216 2686 1332 2769 111,
1401 2689 1455 2768 1,
1506 2688 1546 2749 9
1600 2705 1734 2769 sqq.
1796 2687 1973 2768 (654)
2027 2707 2172 2768 „eqo
2206 2707 2369 2766 pera
2411 2685 2627 2766 minas,

359 2804 498 2866 Ovis
557 2808 667 2885 (sc.
719 2808 1056 2889 pecuniam
1104 2826 1217 2889 pro
1272 2809 1351 2870 iis
1406 2807 1699 2887 solutam,
1758 2826 1884 2888 qua
1939 2804 2228 2887 StrabaX,
2297 2808 2407 2888 qui
2473 2807 2628 2869 haec

358 2925 655 3008 loquitur,
703 2930 944 3009 patrem
991 2924 1312 3005 emunxit)
1354 2925 1418 2985 in
1460 2925 1729 2986 crumina
1767 2924 1878 2985 hac
1917 2924 2028 2985 huc
2071 2924 2135 2986 in
2176 2926 2382 2986 urbem
2425 2924 2622 2987 detali.

364 3045 508 3108 Fuit
548 3046 721 3109 hodie
766 3047 973 3109 Mars
1013 3068 1158 3109 meo
1179 3045 1562 3127 periratus
1588 3045 1823 3125 patri,
1862 3041 2047 3105 Nam
2084 3046 2230 3106 ovis
2258 3045 2462 3107 illius
2491 3045 2630 3106 Ιιαα

362 3164 562 3247 lonye
605 3167 858 3227 absunt
895 3189 934 3227 a
977 3165 1238 3247 lupi8.“
1287 3202 1361 3210 --
1395 3164 1533 3228 Iam
1564 3166 1738 3228 aliud
1770 3165 2159 3247 exemplum.
2225 3163 2629 3247 Quicumque

360 3282 691 3348 Plautinae
723 3287 984 3350 rationis
1020 3287 1278 3348 nescius
1311 3286 1480 3369 leget
1510 3288 1581 3348 in
1612 3288 1817 3368 prima
1852 3283 2254 3349 Curculionis
2293 3304 2486 3349 scena
2516 3285 2629 3369 (69

364 3423 497 3488 sqq.
507 3417 530 3487 )
560 3406 716 3468 haec
737 3405 932 3469 verba
952 3407 1118 3468 inter
1141 3404 1608 3468 Phaedromum
1634 3423 2021 3489 servumque
2047 3409 2187 3470 eius
2214 3410 2626 3470 commutata:

364 3547 522 3609 „quo
545 3547 639 3586 me
661 3535 910 3600 vortam,
930 3526 1138 3588 nescio.
1165 3563 1243 3572 -
1276 3525 1350 3586 Si
1373 3525 1508 3587 deos
1532 3524 1780 3599 salutas,
1818 3526 1862 3586 d
1872 3536 2028 3587 θέσιν
2041 3548 2366 3588 evorsum
2393 3547 2626 3588 censeo:

368 3642 551 3706 Nunc
592 3667 706 3706 ara
768 3645 1002 3707 teneo-is
1042 3644 1184 3708 haec
1225 3656 1306 3708 est
1333 3657 1469 3708 ante
1506 3646 1732 3707 horunc
1761 3646 2011 3730 fora3“,
2057 3665 2186 3709 non
2216 3648 2445 3730 poterit
2474 3648 2631 3730 quin

364 3785 401 3827 a
456 3763 719 3828 barbaro
780 3769 964 3849 poeta
1023 3785 1098 3829 ea
1154 3766 1404 3829 fabulae
1459 3768 1708 3829 intexta
1750 3785 1893 3828 esse
1940 3767 2281 3847 existimet,
2327 3767 2633 3849 quoniam

365 3904 512 3947 vere
564 3884 897 3949 Romanus
951 3884 1072 3948 fuit
1129 3887 1310 3967 ritus,
1365 3888 1724 3968 precatione
1781 3889 2030 3969 peracta
2091 3887 2171 3949 ad
2229 3886 2518 3950 dextram
2564 3904 2634 3950 se

366 4010 734 4070 convertere
791 4006 894 4087 (cf.
941 4005 1714 4090 Marquardt-Mommsen,
1775 4004 1868 4067 IV
1930 4027 1988 4090 p.
2040 4007 2204 4090 174).
2294 4007 2419 4071 Sed
2476 4009 2632 4071 mihi

367 4146 447 4189 ne
508 4127 610 4191 hic
666 4126 924 4209 quidem
983 4125 1283 4190 Plautum
1334 4128 1690 4190 Atticorum
1736 4128 2006 4210 vestigia
2047 4129 2360 4210 pressisse
2393 4142 2441 4193 'a
2481 4148 2632 4193 vero

367 4247 617 4309 videtur
690 4247 951 4329 abesse,
1020 4248 1374 4312 recordanti
1438 4248 1712 4312 Graecos
1787 4254 2130 4334 antequam
2210 4251 2636 4316 sacrificarent

368 4367 757 4431 lustrationis
819 4386 1014 4432 causa
1081 4388 1252 4431 aram
1311 4369 1796 4433 dextroversum
1857 4373 2205 4438 ambivisse
2266 4375 2635 4457 canistrum,
