3028 4990
1230 327 1470 389 ..-41
1569 365 1644 373 -

296 509 378 591 II,
428 512 485 592 7,
531 513 611 573 42
653 531 745 594 sq.
793 513 964 594 (601)
1014 513 1290 593 Cyamus
1345 515 1588 575 iocatur
1639 514 1705 576 in
1766 513 2036 577 militem
2083 512 2402 596 quendam
2446 512 2568 573 ira-

296 635 464 693 tum:
530 629 709 704 „Hoc
762 632 893 693 vide
913 656 933 691 .·
991 632 1256 694 dentibus
1298 632 1564 714 frendit,
1620 633 1717 694 icit
1764 632 1995 715 femur.
2101 628 2274 692 Num
2337 631 2567 693 obsecro

297 773 435 810 nam
491 749 770 824 ariolust,
837 752 942 832 qui
1006 752 1172 830 ipsus
1233 773 1293 812 se
1356 751 1711 812 verber-affl?
1776 750 1920 814 Non
1970 751 2236 825 dubium
2300 753 2397 813 est
2451 750 2567 812 hoo

296 870 560 932 attinere
617 870 695 931 ad
761 869 1030 949 Cybeles
1092 870 1235 932 illos
1294 871 1652 934 sacerdotes
1718 873 1829 952 qui
1886 871 2100 952 specie
2162 870 2345 950 stipis
2411 868 2566 931 deae

295 988 708 1071 colligendae,
754 1009 819 1052 re
870 1009 1019 1052 vera
1064 992 1164 1052 sui
1197 993 1502 1071 quaestus
1546 1009 1740 1054 causa
1771 989 2002 1073 oppida
2031 991 2338 1070 vicosque
2369 989 2565 1051 Asiae

296 1107 724 1190 Graeciaeque
768 1107 1273 1191 pervagabantur
1330 1109 1601 1172 fanatico
1643 1109 1852 1172 furore
1895 1108 2290 1191 flagellorum
2336 1107 2567 1171 ictibus

294 1246 415 1305 nec
460 1246 590 1289 non
637 1230 890 1291 ensium
949 1247 1092 1291 sese
1133 1228 1520 1309 laceranteS,
1567 1230 1789 1311 quales
1835 1226 2204 1291 describunt
2246 1228 2567 1310 Apuleius

295 1346 442 1410 Met.
501 1345 677 1428 VIII,
723 1348 800 1409 27
850 1366 987 1430 sqq.
1039 1351 1102 1411 et
1144 1346 1468 1411 Lucianus
1520 1349 1597 1411 de
1644 1346 1782 1412 Dea
1826 1346 1961 1427 Syr.
2014 1347 2092 1409 50
2140 1354 2224 1430 (p.
2251 1347 2413 1427 486).
2489 1346 2563 1410 In

291 1465 541 1530 Italiam
596 1467 740 1529 illos
800 1468 1197 1530 mendiculos
1249 1471 1342 1531 rei
1399 1468 1692 1552 publicae
1752 1467 2148 1550 temporibus
2192 1468 2568 1550 pervenisse

293 1585 545 1649 nullum
591 1585 789 1648 habeo
833 1588 1301 1666 testimonium;
1349 1609 1386 1650 a
1431 1588 1726 1650 sollemni
1775 1596 1986 1650 autem
2031 1587 2301 1669 Magnae
2344 1585 2567 1650 Matris

294 1706 399 1768 die
448 1705 608 1767 festo
654 1703 1082 1788 Megalesibus
1130 1706 1279 1769 inde
1323 1707 1400 1769 ab
1448 1727 1499 1769 a.
1552 1707 1675 1768 204
1720 1727 1772 1769 a.
1823 1705 1962 1769 Chr.
2013 1707 2357 1789 quotannis
2404 1706 2568 1769 cele-

290 1824 487 1887 bratis
530 1825 686 1887 tales
733 1825 977 1888 furores
1001 1829 1197 1908 ‚atque
1227 1827 1519 1889 insaniae
1550 1832 1790 1889 remota
1826 1831 2024 1908 erant,
2069 1827 2139 1889 cf.
2181 1826 2568 1909 Marquardt-

295 1945 659 2008 Mommsen
708 1951 831 2008 ant.
880 1945 992 2026 VI,
1039 1967 1094 2028 p.
1148 1946 1269 2008 353
1321 1965 1457 2029 sqq.
1506 1945 1747 2010 Preller
1772 1966 1854 2008 m.
1887 1944 1962 2008 R.
1997 1946 2075 2028 1³,
2122 1946 2292 2027 59²⁸).
2373 1945 2570 2009 Voca-

290 2064 524 2127 bantur
569 2064 825 2147 quidem
872 2066 936 2127 hi
979 2065 1270 2128 homines
1317 2087 1354 2129 a
1400 2066 1657 2129 Graecis
1705 2057 2115 2153 μητραγύρται
2170 2085 2285 2128 seu
2330 2066 2570 2149 simpli-

291 2186 450 2247 citer
503 2174 757 2269 ἀγύρται
812 2186 911 2268 (cf.
978 2183 1133 2248 Plat.
1193 2185 1271 2247 de
1328 2205 1397 2249 re
1440 2186 1613 2268 publ.
1659 2185 1744 2267 II,
1789 2186 1939 2267 346)
2004 2189 2067 2248 et
2117 2188 2181 2248 in
2246 2185 2573 2248 comoedia

291 2304 581 2367 crebrius
627 2305 1133 2388 exagitabantur,
1179 2305 1253 2371 cf.
1301 2306 1646 2387 Antiphan.
1689 2305 1803 2388 frg.
1841 2306 1895 2368 3.
1946 2325 2007 2387 p.
2036 2306 2139 2387 86,
2166 2306 2220 2366 7.
2268 2303 2566 2367 Menand.

291 2425 410 2508 srg.
460 2426 518 2487 4.
568 2443 628 2507 p.
681 2426 818 2486 127.
872 2423 970 2503 113
1029 2426 1367 2507 scripserat
1419 2426 1822 2508 Antiphanes
1885 2424 2275 2488 comoediam
2325 2422 2572 2509 Μητρα-

288 2541 530 2631 γύρτης,
561 2544 891 2608 Philemon
918 2536 1218 2632 Ἀγύρτης.
1269 2545 1516 2609 Harum
1546 2548 1740 2629 igitur
1762 2565 1992 2609 vocum
2026 2546 2284 2609 alteram
2302 2542 2570 2607 Plautus

291 2665 570 2729 reddidit
612 2668 850 2728 incerto
908 2671 970 2727 et
1012 2666 1295 2749 generali
1342 2665 1651 2729 vocabulo
1709 2666 1991 2748 ,ariolus‘,
2036 2669 2221 2728 cuius
2260 2666 2573 2748 propriam

291 2787 418 2848 hoc
459 2786 596 2849 loco
642 2787 771 2847 vim
806 2804 1029 2847 vereor
1091 2789 1161 2848 ut
1206 2785 1527 2848 auditores
1574 2788 2017 2868 cognoverint:
2083 2785 2344 2848 clariore
2386 2786 2573 2848 credo

293 2904 762 2988 significatione
808 2923 964 2966 usus
1013 2909 1201 2986 esset,
1246 2907 1301 2968 si
1347 2905 1421 2968 de
1471 2924 1588 2968 suo
1632 2904 1790 2967 illud
1835 2904 2116 2966 lusisset.
2164 2940 2244 2948 -—
2276 2903 2572 2967 Ceterum

293 3025 935 3091 animadvertendum
981 3028 1077 3088 est
1123 3027 1262 3088 voci
1309 3025 1582 3102 ,ariolus‘
1630 3044 1741 3108 per
1772 3043 1841 3086 se
1874 3022 2041 3106 apud
2073 3021 2371 3088 Plautum
2417 3043 2574 3087 non-

294 3148 453 3210 dum
501 3147 727 3210 malam
783 3147 1106 3209 notionem
1154 3145 1482 3228 vaniloqui
1528 3151 1589 3207 et
1640 3145 1968 3227 nugatoris
2015 3144 2363 3207 admixtam
2408 3163 2572 3226 esse,

296 3265 413 3328 sed
459 3284 707 3349 semper
751 3265 1056 3329 vocabulo
1088 3267 1292 3329 notari
1337 3285 1485 3328 eum
1532 3265 1645 3347 qui
1687 3269 1857 3328 recte
1904 3264 2147 3346 aliquid
2176 3264 2571 3327 divinatione

294 3387 589 3466 coniciat,
621 3386 698 3448 cf.
731 3385 869 3448 Cas.
893 3385 976 3466 H,
1008 3385 1066 3466 6,
1099 3389 1156 3448 4.
1216 3383 1412 3448 Poen.
1444 3383 1569 3465 III,
1594 3386 1652 3465 5,
1682 3384 1783 3446 46.
1842 3382 2006 3448 Rud.
2045 3385 2183 3446 324.
2224 3384 2387 3446 1139
2410 3402 2573 3467 sqq.,

298 3509 372 3574 ut
432 3503 698 3567 verbum
761 3475 1017 3587 quoque
1095 3503 1399 3585 ,ariolari‘
1468 3507 1811 3587 usurpatur
1870 3504 2054 3566 Asin.
2117 3501 2259 3564 315.
2323 3504 2446 3566 924
2512 3507 2576 3566 ot

297 3623 602 3699 ‚ariolare‘
636 3624 806 3687 idem
840 3628 936 3687 est
965 3644 1039 3686 ac
1075 3643 1315 3705 ,verum
1347 3624 1609 3704 coniciS,
1639 3627 1809 3686 recte
1840 3623 2188 3706 auguraris‘
2221 3624 2407 3685 Asin.
2429 3624 2568 3686 579.

296 3743 447 3806 Cist.
496 3742 609 3824 IV,
646 3745 705 3824 2,
750 3745 849 3809 80.
923 3742 1089 3806 Rud.
1137 3744 1256 3805 347
1280 3743 1399 3823 **).
1517 3742 1706 3805 Unde
1764 3742 1977 3825 colligi
2043 3745 2250 3825 potest
2322 3743 2572 3824 ari0103,

438 3915 495 3983 ²⁸)
534 3914 686 3969 Unde
723 3931 842 3967 vero
881 3914 970 3968 hic
1008 3914 1088 3966 vir
1120 3913 1311 3967 doctus
1339 3930 1401 3966 ex
1439 3913 1616 3967 Ovidii
1652 3914 1800 3967 Fast.
1834 3912 1928 3977 lv,
1952 3913 2230 3966 255—348
2266 3912 2572 3966 narratione

295 4002 401 4055 sibi
448 4002 741 4070 sumpserit
787 4002 1009 4054 comites
1059 3999 1328 4067 Phrygios
1378 3999 1507 4053 deae
1562 4016 1681 4053 cum
1727 4001 2072 4054 simulacrum
2127 4000 2241 4052 eius
2293 4000 2350 4052 in
2387 3999 2573 4052 urbem

298 4091 763 4157 transportaretur
797 4087 1023 4155 flagellis
1060 4086 1164 4139 sibi
1200 4092 1355 4156 terga
1392 4090 1621 4142 laniasse
1657 4088 1830 4139 fateor
1866 4101 1950 4138 me
2003 4085 2232 4138 nescire:
2273 4103 2339 4139 an
2391 4103 2436 4138 v,
2471 4087 2574 4139 342

298 4178 392 4238 „et
428 4174 630 4227 feriunt
666 4175 850 4227 molles
887 4179 1073 4226 tauri-a
1112 4179 1267 4241 terga
1310 4181 1508 4227 manu‘·‘
1548 4176 1627 4227 ita
1663 4173 1973 4226 intellexit?

439 4260 530 4325 *ἢ
571 4260 686 4316 Hae
721 4260 1085 4315 observatione
1123 4261 1469 4316 confirmatur
1499 4260 1640 4330 quod
1678 4259 1810 4313 dicit
1845 4257 2245 4332 Marquardtius
2283 4261 2396 4318 ant.
2417 4257 2573 4318 Rom.

302 4346 428 4401 VP.
466 4363 519 4418 p.
564 4348 663 4399 111
701 4347 820 4404 init.
