3028 4990
1272 287 1690 348 ...55-

337 478 487 540 dam
535 480 596 537 et
642 475 954 556 imagines
1000 473 1076 535 ad
1119 475 1334 535 avium
1385 474 1937 555 consultationem,
1985 475 2188 556 qualis
2234 472 2312 536 ab
2358 474 2616 555 auguri-

333 596 463 657 bus
506 596 748 676 patrata
793 594 1362 675 cst,.pertinenteS,
1409 594 1587 656 velut
1631 594 1859 675 Amph.
1913 593 2026 656 191
2079 613 2169 675 sq.
2219 593 2476 666 „victwn
2518 603 2613 652 at-

334 736 454 798 quc
511 722 913 793 empuynatmn
973 711 1339 791 oppidumst,
1392 711 1657 792 Imperio
1701 723 1877 794 atquc
1919 713 2254 792 auspicio
2301 712 2416 773 mei
2457 713 2610 786 eri“‚

338 833 464 895 196
513 879 552 906 ‚,
571 831 646 892 Ut
693 833 930 912 yesserit
986 853 1111 893 rem
1158 830 1470 912 publicam
1530 832 1725 906 ductu,
1788 832 2060 912 imperio,
2121 832 2388 913 auspicio
2443 809 2614 905 suo‘fi

335 954 462 1015 657
536 951 844 1032 „auspicio
909 972 1035 1012 meo
1099 961 1272 1032 atque
1338 949 1513 1011 ductu
1592 951 1897 1011 vicimus“.
2027 950 2257 1014 Pseud.
2329 952 2444 1013 761
2515 970 2605 1034 sq.

333 1072 591 1147 „Omnis
657 1071 864 1132 ordine
929 1070 1034 1130 sub
1101 1069 1281 1149 siquis
1348 1070 1564 1131 ducam
1629 1069 1877 1151 lcqiones
1936 1092 2116 1145 meas,
2179 1070 2300 1131 Avi
2349 1071 2611 1144 sinistra,

331 1191 603 1271 auspicio
664 1189 954 1273 liquido“.
1022 1189 1201 1271 Epid.
1254 1190 1376 1250 343
1433 1188 1567 1263 „Ut
1631 1189 1944 1269 importem
1997 1191 2059 1250 in
2115 1190 2405 1252 coloniam
2461 1189 2614 1250 hunc

332 1332 465 1372 meo
509 1309 773 1390 auspicio
817 1315 1269 1370 commeatum“.
1320 1346 1396 1355 --
1466 1308 1584 1370 183
1629 1305 1942 1391 „Liquido
1987 1330 2124 1370 careo
2168 1309 2454 1390 avispiciO,
2516 1310 2617 1370 avi

332 1430 644 1491 sinistra“.
735 1427 907 1490 Pers,
951 1428 1072 1489 606
1123 1446 1215 1510 sq.
1277 1426 1383 1501 „in
1439 1425 1733 1506 proelium
1801 1426 1939 1488 Vide
1998 1438 2064 1488 ut
2114 1428 2453 1508 ingyreciiare
2498 1451 2610 1488 au-

332 1549 581 1629 spicato,
655 1545 1040 1631 Liquidumst
1082 1549 1478 1628 auspicium“.
1568 1545 1730 1609 Rud.
1779 1546 1896 1607 717
1946 1544 2136 1621 „Non
2180 1546 2352 1609 hodie
2388 1548 2487 1610 isti
2525 1549 2616 1610 rei

333 1668 646 1749 auspicavi
685 1678 749 1728 ut
787 1690 920 1728 cum
949 1668 1256 1751 furcifero
1280 1667 1595 1751 fabuler“.
1660 1665 1830 1728 Pers.
1860 1665 1982 1728 689
2030 1663 2280 1740 „Lucro
2311 1668 2609 1750 faciundo

335 1810 439 1870 ⁶²90
497 1789 807 1868 auspicavi
859 1788 919 1849 in
978 1787 1133 1848 lumc
1189 1787 1408 1848 diem“.
1500 1784 1680 1859 Quae
1727 1784 2033 1847 formulae
2080 1787 2610 1871 metaphoraeque

337 1926 562 1969 omnes
624 1911 913 1988 sumptae
976 1911 1127 1969 sunt
1179 1926 1214 1969 e
1257 1905 1693 1969 Romanorum
1751 1905 2235 1986 consuetudine,
2298 1909 2406 1989 qui
2450 1908 2609 1970 nihil

333 2027 465 2089 fere
530 2026 870 2109 quondam,
933 2030 1003 2088 ut
1059 2029 1144 2087 ait
1197 2024 1435 2106 Cicero,
1502 2027 1757 2088 maioris
1800 2028 1913 2107 rei,
1969 2028 2094 2088 nisi
2139 2029 2482 2109 auspicato,
2528 2048 2609 2090 ne

334 2148 631 2228 privatim
677 2147 953 2229 quidem,
997 2144 1321 2228 gerebant,
1367 2165 1511 2207 cum
1556 2145 1778 2208 Graeci
1823 2165 2033 2228 neque
2080 2145 2244 2209 bello
2289 2148 2609 2229 proeliove

334 2268 614 2350 gerendo
685 2268 1164 2349 auspicarentur
1224 2303 1297 2310 --
1361 2285 1748 2347 quamquam
1820 2266 2072 2327 fortuito
2134 2266 2188 2327 si
2252 2267 2396 2348 quis
2462 2260 2609 2351 ὅρνις

337 2381 619 2471 μαντικὸς
676 2385 1205 2467 conspiciebatur,
1269 2384 1346 2447 de
1392 2384 1510 2446 hoc
1555 2385 1767 2446 omine
1816 2375 2040 2467 μάντις,
2104 2387 2214 2466 qui
2261 2389 2392 2448 erat
2437 2386 2606 2468 apud

337 2511 706 2589 exercitum,
752 2507 1081 2569 consultus
1129 2508 1554 2569 coniecturam
1598 2503 1866 2568 faciebat
1912 2505 2006 2585 (cf.
2056 2504 2349 2589 Xenoph.
2400 2508 2602 2571 Anab.

340 2626 448 2709 VI,
496 2630 550 2709 1,
596 2629 700 2709 23)
745 2665 826 2674 —-
885 2632 949 2690 et
991 2629 1060 2689 in
1104 2630 1234 2690 vita
1277 2629 1525 2708 privata
1568 2627 1963 2690 attenderent
2006 2632 2252 2691 tantum
2298 2629 2377 2691 ad
2437 2627 2605 2691 obla-

337 2751 484 2829 tiva,
543 2754 612 2811 ut
653 2746 924 2810 Romani
971 2767 1244 2831 augures
1293 2748 1606 2828 dicebant,
1668 2749 1966 2831 auspicia.
2061 2748 2396 2832 Propterea
2443 2770 2607 2834 quae

338 2871 401 2930 in
447 2869 619 2930 hunc
664 2887 927 2930 sensum
974 2869 1255 2950 accipere
1296 2886 1640 2950 possumus
1687 2870 1972 2950 auspicia
2011 2889 2047 2931 a
2076 2867 2300 2932 Plauto
2333 2889 2607 2934 comme-

340 2994 594 3067 morata,
635 2989 722 3049 nil
755 2988 1014 3070 impedit
1044 2989 1387 3070 quominus
1422 2987 1499 3050 ad
1533 2987 1846 3050 Graecum
1878 2988 2208 3071 exemplar
2237 2990 2606 3072 referamuS,

340 3112 405 3170 ut
436 3108 664 3190 Amph.
698 3107 818 3170 690
854 3128 944 3190 sq.
992 3109 1135 3181 „An
1174 3119 1224 3169 te
1267 3108 1601 3188 auspicium
1632 3119 2130 3183 conzmoratumst,
2175 3132 2251 3169 cm
2299 3121 2609 3191 tempestas

336 3229 600 3303 continet,
665 3228 785 3306 Qui
844 3251 959 3290 uon
1011 3229 1208 3289 abiisti
1249 3228 1334 3288 ad
1379 3227 1627 3309 lcqiones
1643 3226 1735 3289 ?“.
1806 3231 1987 3319 Asin.
2040 3230 2163 3292 374
2226 3229 2428 3302 „malo
2474 3253 2607 3291 cum

336 3349 663 3430 auspiciffl.
712 3349 857 3410 Aul.
906 3350 1030 3409 444
1065 3349 1385 3429 '‚‚auspicio
1430 3348 1657 3411 malo“.
1707 3349 1876 3411 Men.
1933 3350 2090 3411 1151
2139 3348 2421 3424 „meliore
2459 3372 2607 3429 opus

337 3480 414 3529 est
457 3467 766 3549 auspici0“
827 3467 919 3547 (cf.
968 3467 1372 3550 proverbium
1420 3468 1653 3532 Zenob.
1704 3467 1754 3549 I,
1804 3469 1881 3530 76
1945 3459 2324 3553 ,,Ἀμεινόνων
2382 3472 2607 3529 οἰωνῶν

336 3591 618 3672 τυχεῖχνιί).
673 3587 861 3649 Mero.
893 3587 1014 3648 274
1060 3585 1316 3670 „Neque
1360 3610 1528 3650 omen
1571 3588 1722 3670 illud
1766 3610 1947 3672 neque
1977 3574 2308 3669 auspicium
2338 3587 2605 3668 placet‘fi

336 3709 562 3771 Pseud.
604 3709 765 3770 1138
811 3706 1036 3780 „Bona
1066 3717 1320 3768 scaevast
1349 3707 1558 3769 milam,
1651 3709 1925 3771 Graecos
1974 3708 2231 3790 quidem
2276 3709 2368 3769 sic
2415 3725 2605 3789 saepe

338 3821 517 3914 ,ὅρνιςι
575 3848 684 3910 pro
736 3828 964 3908 quovis
1009 3828 1220 3888 omine
1270 3847 1612 3910 usurpasse
1657 3829 1837 3891 docet
1883 3830 2074 3891 Arist.
2125 3828 2242 3889 Av.
2296 3827 2415 3889 719
2466 3846 2600 3909 sqq.

503 3946 633 4010 Iam
681 3967 764 4009 ex
804 3945 1016 4009 Plauti
1060 3946 1294 4009 fabrica
1337 3947 1647 4029 prodiisse
1692 3951 1842 4030 puto
1879 3949 2090 4009 iocum
2135 3946 2369 4009 Cistell.
2417 3945 2499 4029 ΙΙ,
2550 3948 2604 4029 1,

338 4070 435 4150 55,
481 4067 589 4130 ubi
634 4068 1148 4131 Alcesimarchus
1194 4086 1405 4131 amore
1452 4068 1625 4131 irrito
1674 4068 1752 4131 ad
1794 4067 2071 4130 furorem
2116 4068 2487 4150 compulsus
2535 4086 2604 4129 se

336 4189 598 4250 amicam
665 4207 878 4267 suam,
941 4190 1067 4251 nisi
1131 4189 1313 4270 copia
1372 4190 1511 4251 cius
1574 4187 1696 4250 sibi
1755 4188 1899 4269 fiat,
1964 4207 2110 4250 oum
2155 4191 2352 4248 matre
2396 4185 2604 4268 gladio

338 4310 692 4371 occisurum
763 4327 907 4371 esse
972 4309 1139 4372 iurat
1203 4312 1295 4373 sic
1358 4310 1510 4373 deos
1570 4308 1925 4372 obtestans:
2016 4306 2172 4383 „Di
2233 4327 2326 4368 me
2387 4327 2603 4379 omnes,
