3028 4990
1316 358 1691 418 .-9-

373 537 680 618 quoniam
741 539 797 599 is
857 540 1078 619 gestus
1120 537 1428 603 Romanis
1485 561 1688 624 aeque
1734 546 1867 606 erat
1911 546 2201 607 usitatus.
2292 543 2460 627 Ergo
2509 544 2644 606 veri

370 658 773 721 simillimum
822 677 967 721 esse
1004 660 1163 721 mihi
1209 660 1458 722 videtur
1500 665 1721 744 putare
1766 665 1834 725 in
1874 664 2080 727 Attica
2131 655 2398 747 quoque
2428 663 2644 727 fabula

369 777 694 858 Lyconem
751 781 964 860 operto
1019 780 1220 861 capite
1279 780 1469 844 deum
1535 783 1865 845 salutasse.
1954 781 2094 845 Hoc·
2160 803 2548 865 quamquam
2608 804 2645 846 a

370 899 699 960 communi
731 898 1115 961 Graecorum
1164 918 1285 961 989
1331 900 1643 982 discrepat
1695 939 1760 946 —-
1812 922 1956 964 nam
2003 903 2071 964 in
2121 904 2497 965 universum
2543 902 2642 965 dis

370 1018 575 1100 capite
620 1036 749 1079 non
786 1018 993 1080 velato
1038 1018 1474 1081 sacrificabant
1519 1019 1593 1081 cf.
1636 1018 1987 1082 Hermann.
2024 1025 2148 1084 ant.
2186 1040 2341 1083 sacr.
2377 1023 2415 1103 ξ
2448 1022 2525 1083 21
2563 1059 2642 1068 -—

370 1138 659 1219 arguitur
703 1139 915 1200 tamen
962 1156 1037 1200 eo
1084 1138 1252 1221 quod
1308 1142 1405 1219 (ut
1449 1139 1777 1202 admonuit
1822 1158 1923 1202 me
1960 1138 2516 1221 Wilamowitzius)
2574 1143 2644 1203 in

370 1257 814 1339 Aristophanis
846 1256 1031 1320 Pluto
1063 1259 1205 1337 (707
1240 1260 1401 1341 sqq.)
1446 1258 1721 1342 legimus
1750 1257 2084 1321 Carionem
2116 1277 2394 1342 servum,
2430 1262 2543 1343 qui
2572 1262 2636 1323 in

369 1377 774 1458 Aesculapeo
818 1379 1163 1458 pernoctat,
1209 1376 1325 1440 deo
1371 1380 1919 1461 appropinquante
1966 1383 2157 1460 caput
2201 1380 2393 1461 pallio
2426 1378 2645 1442 obvol-
2693 1379 2696 1382 ’

371 1516 524 1559 vere
568 1497 863 1578 idemque
904 1496 1109 1559 facere
1157 1497 1280 1559 689
1325 1516 1461 1579 sqq.
1510 1517 1707 1560 anum
1748 1498 2067 1580 quandam
2114 1501 2178 1561 in
2228 1498 2451 1561 eodem
2496 1500 2643 1561 fano

368 1615 780 1678 incubantem
841 1634 988 1678 cum
1045 1619 1339 1698 opinatur
1383 1635 1657 1699 anguem
1706 1636 1953 1680 sacrum
1999 1618 2100 1680 dei
2145 1636 2338 1700 prope
2384 1616 2645 1680 sibilan-

367 1742 498 1798 tem
567 1753 636 1797 se
704 1734 1050 1797 audivisse.
1141 1731 1444 1816 Suspicor
1513 1741 1916 1820 praeceptum
1985 1738 2186 1800 fuisse
2254 1741 2348 1800 eis
2405 1740 2516 1820 qui
2573 1740 2641 1800 in

368 1856 721 1936 Aesculapi
774 1854 1026 1936 templis
1085 1853 1480 1936 incubarent,
1526 1860 1595 1919 ut
1635 1875 1889 1919 rumore
1933 1858 2148 1940 aliquo
2193 1861 2383 1919 noctu
2429 1858 2643 1920 audito

371 1977 560 2060 quasi
619 1976 735 2039 deo
792 1976 1151 2057 propinquo
1210 1979 1400 2056 caput
1440 1976 1746 2058 velarent,
1807 1995 1884 2039 ne
1931 1977 2082 2059 quid
2130 1998 2167 2039 a
2210 1977 2643 2041 sacerdotibus

366 2095 499 2159 fani
564 2115 638 2159 eo
696 2101 976 2177 tempore
1046 2098 1337 2176 ageretur
1391 2097 1940 2178 persentiscerent,
2004 2102 2193 2179 atque
2254 2097 2402 2159 inde
2462 2097 2642 2159 illum

368 2235 614 2278 morem
661 2214 1000 2278 oriundum
1041 2233 1423 2296 cognoscere
1468 2215 1621 2277 mihi
1665 2215 1886 2279 videor
1902 2217 1973 2296 *).

539 2335 673 2398 Iam
722 2335 798 2397 ad
846 2333 1157 2397 Graecum
1206 2333 1607 2398 Curculionis
1670 2341 2115 2420 argumentum
2161 2338 2430 2418 pertinet
2474 2335 2642 2416 quod

366 2456 656 2538 puellula
700 2454 1053 2537 DionysiiS,
1118 2475 1281 2539 quae
1333 2459 1687 2538 spectatum
1732 2474 1873 2519 eam
1917 2455 2062 2517 tulit
2104 2456 2341 2535 nutrix,
2401 2455 2646 2536 rapitur

369 2576 516 2653 (644
565 2577 730 2658 sqq.)
790 2580 1137 2659 posteaque
1189 2576 1402 2639 adulta
1448 2597 1485 2638 a
1527 2576 1715 2638 fratre
1759 2576 2236 2658 recognoscitur
2280 2575 2428 2655 (653
2475 2577 2643 2658 sqq.)

368 2695 584 2775 anulo,
632 2714 824 2778 quem
872 2699 932 2759 ei
980 2697 1080 2759 die
1130 2697 1321 2760 natali
1366 2696 1532 2759 dono
1578 2698 1752 2758 misit
1795 2696 1898 2775 (de
1948 2695 2139 2758 anulo
2185 2697 2258 2757 cf.
2299 2715 2359 2777 p.
2401 2694 2522 2769 16).
2561 2732 2641 2741 ——

369 2811 833 2894 Dionysiorum
883 2818 1120 2880 mentio
1173 2816 1242 2879 fit
1288 2819 1476 2880 etiam
1530 2818 1598 2879 in
1642 2814 1981 2897 Pseud010,
2043 2835 2209 2900 quae
2257 2813 2374 2878 sub
2422 2834 2643 2877 eorum

371 2936 623 3016 tempus
669 2937 770 3018 agi
815 2934 1095 3019 fingitur,
1143 2937 1217 2998 cf.
1270 2938 1349 2999 58
1397 2940 1533 3019 sqq.
1591 2936 1690 3010 „ei
1728 2937 1820 2997 rei
1861 2935 1986 2997 dies
2027 2934 2196 2996 Haec
2227 2934 2646 3015 praestitutam

359 3075 668 3132 promema
731 3056 816 3115 ιιιί
878 3055 1209 3139 Dionysia!
1298 3056 1453 3117 Cras
1509 3078 1577 3117 ea
1634 3055 1873 3139 quidem
1928 3063 2128 3129 aaut&
2197 3059 2261 3116 et
2327 3055 2444 3116 321
2511 3052 2646 3128 „Ut

370 3174 691 3252 opperiare
733 3173 835 3235 1203
879 3196 981 3236 serr
1027 3176 1150 3237 dies
1178 3176 1369 3259 festos
1414 3176 1656 3249 mod0“,
1715 3179 1777 3238 et
1830 3177 1899 3236 in
1959 3174 2331 3255 Cistellaria,
2394 3173 2506 3237 ubi
2564 3173 2642 3236 ad

372 3293 686 3355 actionem
730 3293 898 3356 idem
937 3294 1068 3357 fere
1099 3296 1315 3357 valent
1344 3299 1533 3378 atque
1563 3297 1629 3356 in
1665 3294 2066 3376 Curculione,
2111 3294 2183 3357 cf.
2217 3293 2267 3375 I,
2302 3296 2358 3375 1,
2391 3295 2470 3357 90
2504 3313 2643 3376 899.

334 3388 537 3490 ‘‚‚pe‘1·
581 3410 882 3494 Dionysia
925 3413 1129 3475 Alatcr
1162 3437 1467 3495 pompam
1508 3436 1602 3476 me
1644 3424 1967 3496 spectatum
2014 3410 2202 3476 (imit.
2281 3414 2427 3474 dum
2470 3413 2645 3475 redeo

373 3531 634 3606 (lerneam,
684 3532 1042 3614 Cbtespicillo
1112 3545 1466 3596 consecutust
1529 3533 1860 3595 clanculum
1923 3555 2016 3595 me
2084 3555 2263 3617 usque
2314 3533 2399 3594 ad
2442 3532 2643 3616 f0ri33

373 3652 526 3714 Inde
584 3653 647 3714 in
704 3653 1029 3715 amicitiam
1081 3653 1397 3714 insinuarit
1457 3675 1591 3713 cum
1632 3663 1823 3715 matre
1865 3665 1915 3714 et
1959 3675 2184 3715 mecum
2227 3652 2404 3713 simul
2444 3650 2647 3736 Blan-

376 3771 555 3846 ditiis,
619 3772 979 3846 muneribus,
1045 3773 1279 3834 donis“.
1383 3771 1633 3847 Quibus
1699 3771 1994 3834 versibus
2060 3772 2430 3834 translatum
2500 3788 2647 3833 esse

510 4029 565 4092 ¹⁹)
604 4025 808 4079 Contra
847 4025 1039 4093 Amph.
1074 4025 1206 4079 1092
1235 4042 1348 4093 sqq.
1390 4035 1477 4084 „nt
1512 4026 1673 4074 solent
1704 4043 2005 4089 puerperae,
2051 4026 2264 4075 Invocat
2302 4026 2420 4074 deos
2456 4025 2647 4073 immor-

376 4112 511 4172 talis,
554 4122 605 4159 ue
639 4112 739 4160 sibi
772 4113 1010 4161 auxilium
1030 4115 1233 4178 serant,
1276 4113 1522 4162 Manibus
1556 4114 1718 4175 puris,
1759 4112 1926 4175 eapite
1964 4118 2172 4176 operto“
2213 4112 2313 4165 hoc
2339 4129 2382 4160 c.
2411 4130 2453 4160 ο.
2483 4109 2644 4162 Plau-

373 4200 461 4248 tus
508 4212 569 4249 cx
618 4196 858 4249 Romano
913 4214 1008 4249 usu
1063 4198 1273 4250 videtur
1321 4198 1607 4258 adiecisse;
1664 4214 1832 4265 neque
1883 4199 2023 4250 enim
2070 4215 2131 4251 ex
2186 4198 2439 4249 hocloco
2476 4212 2646 4263 noque

373 4282 585 4335 aliunde
633 4282 774 4351 quod
824 4285 988 4336 sciam
1035 4284 1250 4351 probari
1303 4289 1484 4354 potest
1546 4288 1732 4352 partus
1794 4300 2001 4352 quoque
2050 4284 2131 4336 dis
2188 4284 2251 4349 (i.
2303 4300 2346 4337 e.
2401 4281 2646 4353 inprimis

382 4368 604 4432 Dianae,
643 4369 708 4421 cf.
746 4386 798 4437 p.
846 4369 939 4435 23)
980 4370 1208 4422 Graecos
1244 4371 1323 4422 ita
1359 4370 1701 4423 sacrificasse.
