3028 4990
1286 330 1703 394 ..15-.

359 534 556 597 supra
595 515 792 576 limen
826 532 862 574 a
892 513 1217 594 matroniS,
1265 494 1433 595 quod
1462 518 1776 578 testantur
1807 513 1994 574 etiam
2026 508 2339 574 Plutarch.
2377 510 2631 584 Quaest.

361 632 546 705 Rom.
599 636 679 696 29
725 636 787 696 et
844 632 1035 695 Varro
1080 652 1177 714 ap.
1219 630 1392 695 Serv.
1441 634 1574 697 Ecl.
1625 631 1800 714 Vlll,
1848 634 1945 694 29.

532 753 606 815 ln
661 752 1010 834 Epidico
1065 752 1322 816 fidicina
1368 754 1681 836 quaedam
1723 756 1934 835 partes
1980 753 2130 834 agit,
2185 769 2349 832 quae
2395 748 2633 811 condu-

366 875 526 935 citur
566 875 636 934 ut
675 877 858 934 canat
901 875 1065 935 inter
1106 891 1237 934 rem
1288 873 1595 953 divinam,
1641 892 1829 954 quam
1865 870 2254 954 Periphanes
2302 887 2506 931 senex
2551 886 2634 929 ex

365 992 545 1054 solito
594 991 978 1054 Graecorum
1026 1010 1146 1054 usu
1197 993 1294 1072 (cf.
1342 1012 1402 1074 p.
1449 995 1486 1056 6
1533 993 1703 1075 adn.)
1760 991 1930 1073 quod
1973 990 2147 1052 filius
2191 989 2633 1072 peregrinatus

362 1111 581 1174 salvus
641 1111 895 1174 redierit
952 1111 1232 1173 facturus
1289 1117 1386 1174 est
1444 1112 1539 1192 (cf.
1592 1112 1714 1174 314
1761 1130 1894 1193 sqq.
1954 1111 2079 1171 414
2123 1128 2259 1192 sqq.
2321 1109 2443 1171 500
2490 1109 2630 1190 sq.).

361 1231 644 1296 Pertinet
685 1234 876 1294 etiam
922 1230 1216 1293 fidicinae
1260 1231 1417 1294 illud
1463 1251 1703 1294 munus
1748 1238 1934 1313 (quae
1978 1229 2168 1292 simul
2210 1228 2474 1291 tibicina
2517 1233 2634 1309 est,

362 1353 437 1414 cf.
489 1353 612 1415 514
672 1352 905 1426 „1¹'z'de3
961 1373 1079 1412 non
1132 1349 1384 1412 reddis?
1436 1388 1508 1396 --
1568 1348 1772 1433 Neque
1807 1350 1970 1434 fides
2021 1370 2204 1432 neque
2248 1348 2493 1431 tibias“)
2557 1348 2634 1411 ad

363 1491 554 1535 usum
600 1471 919 1553 quendam
962 1470 1350 1533 Graecorum
1385 1472 1727 1552 proprium.
1822 1459 2224 1552 Quamquam
2256 1468 2429 1530 enim
2461 1466 2634 1548 apud

363 1589 687 1653 Romanos
735 1609 991 1672 quoque
1039 1591 1203 1651 inter
1244 1607 1380 1652 rem
1410 1590 1692 1652 divinam
1725 1591 1915 1654 tibiae
1948 1588 2279 1668 sonabant,
2328 1607 2450 1668 „ne
2481 1587 2634 1669 quid

364 1710 537 1773 aliud
601 1709 1070 1789 exaudiretur“,
1139 1710 1355 1771 uti-ait
1414 1707 1664 1771 Plinius
1720 1708 1801 1771 H.
1849 1709 1925 1772 N.
1973 1710 2073 1790 27,
2126 1710 2223 1788 ll,
2286 1709 2503 1770 tamen
2555 1706 2633 1768 ad

365 1830 528 1893 hanc
583 1848 715 1892 rem
778 1828 1040 1891 tibicine
1101 1828 1200 1910 (de
1263 1830 1527 1912 collegio
1571 1829 1927 1910 tibicinum,
1988 1828 2100 1909 qui
2144 1828 2341 1890 sacris
2387 1830 2635 1909 praesto

365 1953 576 2030 suntO,
621 1949 694 2011 cf.
743 1948 1494 2031 Marquardt-Mommsen
1543 1948 1654 2030 VI,
1699 1968 1759 2030 p.
1814 1948 1981 2029 171),
2027 1967 2155 2010 non
2195 1945 2458 2010 tibicina
2504 1950 2636 2010 ute·

365 2068 614 2149 bantur,
663 2075 732 2131 ut
776 2069 998 2133 Graeci
1034 2070 1163 2132 fere
1193 2070 1540 2151 posteriore
1571 2071 1771 2130 aetate
1803 2069 1898 2148 (cf.
1936 2067 2260 2131 Menandr.
2292 2069 2349 2129 4.
2385 2087 2446 2148 p.
2474 2068 2635 2148 161).

366 2187 518 2250 Sine
562 2188 756 2252 dubio
806 2189 1108 2252 mulieres
1151 2190 1506 2252 meretricio
1552 2206 1786 2270 genere
1833 2186 1927 2268 (cf.
1977 2187 2158 2268 Epid.
2208 2189 2332 2251 402
2376 2208 2467 2271 sq.
2513 2190 2637 2263 „ln

368 2308 705 2369 aediculam
746 2309 932 2371 istanc
974 2332 1237 2371 seorsum
1279 2308 1552 2370 concludi
1588 2308 1734 2369 volo.
1819 2307 2146 2370 Divortunt
2188 2331 2380 2370 mores
2423 2309 2641 2390 virqz'ni

364 2427 531 2510 lonye
587 2451 657 2488 ae
717 2428 959 2510 lupae“)
1021 2429 1099 2492 ad
1158 2449 1341 2493 sacra
1397 2428 1694 2491 adhibere
1755 2428 2062 2512 religione
2108 2431 2283 2491 vetiti
2331 2434 2497 2492 sunt.
2558 2468 2630 2476 —

364 2547 561 2611 Porro
607 2549 685 2611 ad
730 2552 1045 2613 actionem
1088 2550 1333 2632 Epidici
1381 2550 1690 2632 aliquanti
1733 2551 2037 2612 momenti
2081 2554 2233 2613 sunt
2273 2570 2374 2613 res
2421 2553 2636 2635 signa-

363 2688 489 2751 que
548 2667 785 2750 quibus
828 2668 1098 2733 Telestis
1156 2670 1232 2734 ab
1297 2670 1584 2733 hostibus
1627 2673 1806 2752 capta
1850 2672 2180 2753 patriaque
2226 2670 2497 2734 abducta
2539 2690 2637 2734 re-

367 2793 692 2874 cognoscit
739 2809 996 2854 servum
1050 2793 1265 2872 patriS,
1329 2811 1365 2853 a
1411 2812 1537 2874 quo
1591 2790 1841 2853 fabulae
1887 2809 2121 2852 nomen
2169 2796 2284 2853 est.
2371 2791 2536 2855 Nam
2584 2794 2637 2854 is

370 2930 517 2974 cum
560 2913 737 2992 prius
769 2911 1138 2992 cognoverit
1168 2909 1388 2973 erilem
1420 2910 1639 2989 filiam,
1689 2916 2057 2973 ornamenta
2093 2913 2429 2994 quaedam,
2476 2932 2638 2995 quae

368 3033 459 3094 eri
516 3033 700 3124 iussu
718 3032 777 3113 ²⁸)
837 3031 915 3094 ad
967 3050 1108 3093 eam
1169 3029 1508 3113 aliquando
1570 3028 1735 3093 dono
1791 3032 2084 3113 attulerit,
2135 3033 2201 3093 in
2252 3035 2529 3093 mentem
2579 3032 2638 3093 ei

509 3255 566 3323 ³⁸)
613 3255 753 3309 Nam
798 3253 861 3307 de
910 3270 1005 3306 suo
1054 3252 1310 3322 Epidicus
1358 3254 1475 3306 erili
1521 3255 1662 3307 filiae
1700 3271 1922 3308 munera
1957 3273 2019 3308 ea
2057 3257 2313 3311 detulisse
2349 3259 2634 3326 propteroa

369 3343 687 3411 cogitandus
733 3358 841 3394 non
890 3341 973 3392 est
1020 3338 1160 3406 quod
1210 3356 1271 3391 ea
1306 3340 1507 3408 paelice
1547 3343 1662 3392 erat
1699 3344 1829 3394 nata
1863 3343 1959 3408 (cf.
2002 3344 2289 3410 170.,540)
2331 3343 2633 3412 Thebisque

370 3447 492 3483 cum
541 3434 712 3482 matre
763 3427 885 3481 inde
933 3426 1000 3478 ab
1037 3429 1160 3479 ortu
1200 3425 1484 3479 habitabat
1523 3427 1618 3491 (cf.
1659 3425 1806 3496 636),
1862 3446 1983 3483 cum
2019 3431 2162 3498 patri
2198 3430 2312 3482 eius
2346 3428 2641 3498 Periphani

369 3515 600 3568 Athenis
638 3517 780 3567 esset
815 3514 1144 3567 domicilium
1184 3530 1247 3566 ac
1284 3512 1487 3567 familia
1528 3514 1621 3574 (cf.
1652 3514 1800 3582 502).
1874 3516 2047 3569 Immo
2084 3534 2196 3570 rem
2232 3517 2314 3569 ita
2348 3533 2405 3568 se
2443 3515 2637 3568 habere

368 3618 582 3655 necesse
621 3605 720 3663 est,
770 3605 833 3654 ut
867 3602 1214 3670 Periphanem,
1270 3603 1362 3669 qui
1398 3602 1564 3654 filiam
1605 3600 1695 3652 ubi
1732 3601 1964 3669 primum
2003 3602 2140 3655 vidit
2177 3618 2467 3671 numquam
2504 3602 2641 3656 vidit

367 3691 554 3755 postea
599 3705 768 3756 neque
824 3691 1038 3743 omnino
1088 3689 1239 3742 novit
1290 3687 1381 3753 (cf.
1420 3688 1563 3754 600),
1615 3687 1899 3755 aliquando
1945 3687 2029 3741 die
2069 3690 2243 3742 natali
2280 3689 2392 3743 eius
2430 3705 2638 3742 servum

368 3793 490 3829 cum
529 3762 747 3829 munere
784 3776 852 3829 ad
886 3778 1240 3831 ean1.Thebas
1278 3776 1501 3835 miserit,
1542 3776 1838 3842 complures
1875 3775 2124 3829 videlieet
2148 3793 2314 3830 annos
2347 3781 2636 3846 postquam

368 3867 499 3916 nata
550 3867 649 3927 est,
701 3865 827 3931 quia
877 3864 1133 3916 memoria
1184 3864 1297 3915 eius
1342 3863 1418 3915 rei
1469 3863 1518 3914 ei
1558 3862 1832 3915 remansit.
1906 3862 2137 3917 Factum
2175 3867 2357 3918 autem
2396 3882 2525 3929 esse,
2580 3868 2641 3918 111

368 3950 507 4002 servi
553 3949 745 4004 Graeci
792 3950 1127 4003 dominorum
1174 3949 1354 4002 liberis
1408 3949 1692 4017 (nimirum
1749 3952 1892 4003 iusto
1950 3952 2290 4005 matrimonio
2346 3953 2639 4021 susceptis)

368 4037 627 4090 natalicia
663 4054 884 4092 munera
920 4039 1109 4091 darent
1145 4037 1301 4090 docet
1338 4036 1551 4090 Terent.
1581 4036 1869 4102 Phorm.1‚
1905 4040 1947 4101 1,
1978 4039 2042 4092 12
2067 4055 2181 4108 sqq.
2228 4055 2418 4108 „Porro
2459 4042 2639 4092 autem

370 4123 509 4177 Geta
544 4125 792 4179 Ferietur
829 4128 932 4181 alio
974 4142 1207 4188 munere,
1246 4125 1337 4178 ubi
1374 4142 1463 4178 era
1499 4128 1796 4195 pepererit;
1836 4127 2002 4180 Porro
2042 4131 2223 4181 autem
2260 4128 2381 4190 alio,
2423 4126 2511 4179 ubi
2538 4126 2642 4179 erit

367 4226 530 4279 puero
583 4215 779 4266 natalis
829 4215 968 4268 dies:
1035 4214 1141 4268 Ubi
1189 4212 1500 4265 initiabunt.
1555 4229 1708 4264 omne
1757 4214 1860 4267 hoc
1910 4219 2082 4268 mater
2128 4215 2388 4267 auferet“.
2471 4213 2640 4278 Quem

366 4299 542 4353 locum
578 4318 607 4353 e
646 4301 849 4355 Graeco
888 4319 1193 4372 expressum
1231 4318 1345 4355 esso
1384 4301 1628 4353 Donatus
1669 4301 1843 4364 testiS‚
1892 4302 1985 4369 qui
2021 4303 2154 4357 haec
2192 4301 2448 4354 adnotat:
2496 4301 2636 4365 „Te-

365 4388 571 4441 rentius
600 4389 979 4458 Apollodorum
1015 4390 1272 4458 sequitur,
1311 4389 1454 4456 apud
1491 4403 1649 4456 quem
1688 4387 1892 4454 legitur
1928 4389 1986 4442 in
2022 4390 2199 4445 insula
2225 4388 2637 4443 Samothracum
