3028 4990
1324 353 1745 414 -26-

406 537 569 618 tiqui
617 539 939 617 scriptoris
984 539 1420 600 testimonium
1463 558 1591 621 quo
1630 539 2009 600 sententiam
2058 556 2265 599 meam
2290 537 2678 619 confirmem,

407 659 621 717 tamen
672 676 753 719 ne
794 659 886 719 sic
933 658 1187 739 quidem
1234 658 1419 720 credo
1469 659 1609 719 sine
1656 658 1936 719 veritatis
1979 659 2191 737 specie
2232 676 2483 719 summa
2525 658 2678 719 1111111

408 773 551 834 11001
594 772 931 835 defendere
957 773 1249 854 Graecos,
1287 776 1397 857 qui
1441 774 1917 855 proficiscentes
1963 782 2025 836 et
2069 776 2408 837 redeuntes
2453 776 2678 839 domus

406 892 657 974 focique
717 892 868 954 deos
929 893 1309 973 salutarent,
1372 895 1481 975 qui
1541 894 1609 954 in
1668 895 1906 976 nuptiis
1966 897 2027 956 ct
2084 895 2148 954 in
2199 893 2496 955 omnibus
2549 895 2677 957 fere

406 1009 597 1072 rebus
663 1031 824 1093 quae
885 1012 962 1074 ad
1024 1013 1218 1074 vitam
1286 1013 1660 1075 familiarem
1721 1014 2027 1095 gravioris
2094 1017 2306 1074 essent
2376 1015 2675 1076 momenti

406 1129 506 1210 (cf.
547 1109 888 1211 Petersen,
949 1131 1098 1212 „der
1152 1129 1756 1214 Hausgottesdienst
1819 1131 1921 1194 bei
1974 1132 2029 1193 d.
2089 1132 2460 1213 Griechen“,
2518 1133 2682 1196 Zeit-

406 1249 620 1310 schrist
677 1250 779 1312 fiir
838 1250 894 1311 d.
954 1250 1788 1313 Alterthumswissenschalt
1857 1252 2033 1313 1851.
2084 1271 2140 1333 p.
2195 1251 2338 1330 199)
2387 1236 2678 1334 pre'cibus

406 1368 859 1451 sacrificiisque
904 1389 1013 1432 eos
1058 1371 1482 1453 propitiarent,
1530 1372 1717 1432 etiam
1765 1372 1831 1431 in
1879 1390 2044 1432 novo
2091 1371 2533 1433 constituendo
2571 1371 2680 1434 do-

409 1488 642 1550 micilio
687 1481 867 1559 θεοὺς
912 1487 1249 1571 ἐφεστίους,
1309 1507 1583 1570 quorum
1627 1490 1941 1571 imagines
1989 1508 2207 1551 secum
2250 1488 2485 1551 ferrent
2527 1490 2677 1552 sede

408 1612 665 1688 mutata,
730 1612 798 1669 ut
856 1606 1153 1669 habitatio
1196 1606 1318 1668 sibi
1365 1606 1533 1669 bona
1575 1608 1907 1689 faustaque
1954 1609 2238 1669 eveniret
2280 1610 2673 1690 implorasse.

407 1724 591 1799 Quod
634 1745 785 1788 vero
840 1744 1042 1788 senex
1096 1727 1238 1807 pius
1296 1727 1395 1807 (cf.
1448 1728 1636 1810 1194)
1696 1725 1885 1788 orbus
1945 1728 2135 1788 vitam
2205 1727 2447 1810 degens
2507 1734 2679 1809 post-

407 1865 596 1927 quam
643 1850 889 1926 praeter
933 1864 1111 1926 spem
1164 1851 1225 1906 et
1271 1848 1638 1929 opinionem
1683 1846 1881 1909 filiam
1929 1848 2221 1928 repperit,
2293 1867 2483 1929 quam
2529 1848 2677 1909 011111

406 1967 619 2027 amisit
674 1967 997 2046 parvolam
1054 1966 1153 2047 (cf.
1209 1967 1375 2046 744),
1437 1967 1535 2028 dis
1579 1967 1787 2049 gentis
1835 1985 1907 2028 ac
1952 1965 2229 2027 familiae
2274 1966 2495 2028 laudes
2541 1987 2678 2049 gra-

402 2090 624 2165 tesque
669 2087 816 2166 agit,
862 2103 1010 2146 cum
1052 2083 1327 2167 benigne
1364 2085 1725 2147 facultatem
1757 2086 2045 2148 dederint
2076 2086 2287 2167 stirpis
2318 2104 2674 2168 propagan-

404 2203 519 2265 dae
580 2204 678 2281 (cf.
746 2205 906 2267 1195
966 2208 1148 2287 sqq),
1216 2225 1427 2268 nonne
1484 2205 1550 2266 id
1612 2224 1757 2266 cum
1815 2205 2308 2267 Atheniensium
2370 2204 2676 2285 religione

404 2325 699 2406 vitaeque
742 2325 1206 2387 consuetudine
1254 2327 1487 2407 optime
1535 2326 1735 2386 sentis
1780 2326 2170 2387 convenire?

576 2443 717 2507 Una
776 2449 984 2507 tamen
1049 2445 1431 2528 relinquitur
1473 2443 1706 2507 Larum
1753 2445 2262 2506 commemoratio
2314 2463 2503 2526 quam
2544 2463 2672 2507 11011

405 2580 753 2642 possumus
822 2566 975 2645 quin
1042 2565 1117 2627 ad
1171 2564 1443 2628 Romani
1503 2570 1726 2646 poetae
1785 2565 2220 2627 inventionem
2272 2583 2675 2645 revocemuS,

403 2682 770 2744 Aululariae
814 2683 953 2745 dico
999 2685 1366 2766 prologum,
1426 2702 1617 2766 quem
1666 2687 1798 2765 ipse
1843 2683 2124 2765 loquitur
2167 2682 2288 2745 Lar
2326 2685 2672 2748 familiaris.

410 2801 491 2864 Ut
520 2804 688 2863 0111111
724 2821 1053 2866 sumamus
1086 2805 1329 2868 Atticae
1370 2823 1624 2886 quoque
1650 2804 2012 2898 comoediae
2045 2822 2208 2885 quae
2252 2804 2344 2865 illi
2377 2806 2674 2886 exemplo

402 2921 525 2982 fuit
568 2920 758 2983 deum
804 2922 1083 3005 aliquem
1127 2944 1269 2988 esse
1302 2924 1722 3007 prolocutum,
1769 2928 1831 2986 at
1874 2925 2038 2986 inter
2069 2924 2448 2986 domesticos
2484 2925 2674 2987 Grae-

405 3061 623 3105 corum
667 3043 818 3105 deos
864 3045 1234 3108 invenimus
1278 3048 1636 3126 neminem,
1683 3045 1792 3126 qui
1834 3044 1909 3105 ad
1958 3063 2295 3125 personam
2344 3045 2515 3107 illam
2566 3063 2671 3107 su-

403 3162 756 3223 stinendam
801 3163 1073 3226 idoneus
1120 3165 1315 3227 videri
1360 3167 1579 3246 possit.
1667 3163 1801 3225 Nec
1847 3165 2096 3244 mirum,
2136 3182 2281 3226 cum
2329 3163 2405 3226 ab
2456 3166 2557 3245 iis,
2607 3169 2675 3226 ut

401 3284 524 3345 iam
588 3303 780 3365 supra
842 3284 1124 3346 diximus
1184 3303 1243 3365 p.
1290 3286 1391 3363 24,
1441 3283 1796 3364 complures
1855 3302 2104 3365 semper
2164 3283 2265 3345 dei
2310 3286 2672 3367 congregati

403 3404 661 3467 domum
705 3404 1138 3485 familiamque
1175 3407 1370 3484 tueri,
1427 3423 1554 3467 non
1621 3420 1787 3465 unus
1829 3403 1948 3464 1100
2006 3422 2268 3465 munere
2316 3403 2491 3465 solus
2535 3423 2672 3486 per-

399 3525 581 3606 fungi
636 3524 909 3586 creditus
972 3527 1066 3587 sit.
1159 3524 1576 3605 Consequens
1637 3542 1779 3585 0330
1845 3522 2111 3602 videtur,
2175 3527 2241 3584 ut
2299 3526 2363 3584 111
2431 3523 2544 3585 hac
2603 3543 2670 3584 re

402 3643 705 3707 barbarus
758 3646 1068 3726 interpres
1132 3644 1408 3725 exempli
1479 3644 1668 3704 Attici
1738 3644 2007 3724 vestigia
2069 3642 2433 3704 deseruerit.
2548 3642 2667 3705 Sed

403 3765 703 3846 quoniam
765 3766 1087 3826 nescimus
1147 3784 1224 3825 an
1273 3763 1571 3845 prologus
1611 3768 1843 3845 noster,
1892 3764 2097 3845 qualis
2143 3766 2347 3843 extat,
2409 3761 2484 3824 ab
2533 3764 2667 3844 ipso

400 3881 624 3946 Plauto
679 3884 761 3945 sit
804 3886 1197 3966 conscriptus
1261 3921 1335 3928 —
1395 3885 1629 3964 quanta
1676 3884 1846 3944 enim
1896 3885 2006 3965 qui
2051 3882 2295 3946 fabulas
2346 3879 2667 3944 Plautinas

400 4008 543 4084 post
603 4008 862 4066 mortem
920 4005 1191 4066 auctoris
1252 4003 1328 4064 de
1371 4002 1617 4083 integre
1663 4000 2008 4064 tractabant
2069 4001 2332 4065 libidine
2381 4005 2443 4065 in
2493 4006 2667 4085 ipsos

397 4123 688 4204 prologos
733 4124 997 4205 grassati
1046 4123 1172 4183 sint
1205 4141 1389 4184 nemo
1421 4123 1668 4204 ignorat
1697 4159 1796 4202 —-,
1835 4123 1910 4184 ad
1944 4125 2380 4205 quaestionem
2414 4146 2450 4187 a
2485 4124 2667 4187 nobis

397 4243 476 4304 de
516 4240 725 4305 Plauti
771 4243 1054 4305 vertendi
1100 4244 1342 4305 ratione
1386 4243 1740 4304 institutam
1785 4241 1942 4303 illud
1990 4261 2117 4303 non
2160 4243 2321 4305 facit.
