3028 4990
1320 332 1739 393 --10—

395 517 754 580 Meinckius
801 517 959 579 vidit
999 516 1424 695 fragmentum
1476 516 1808 579 Menandri
1864 536 1923 597 p.
1980 517 2122 595 243,
2169 513 2435 577 XXXII
2493 515 2661 590 „Auo-

394 631 656 697 νυσίων
659 632 766 719 μὲν
823 626 895 704 ἦν
956 656 1165 719 πουῖη
1215 684 1226 697 .
1279 683 1291 694 .
1396 626 1542 696 ὁὸέ
1586 632 1639 718 μ’
1688 625 2108 704 moxona-‘2⁶22
2154 632 2326 717 μέχρι
2368 636 2480 693 τοῦ
2526 627 2663 718 πρὸς

395 749 507 822 τὴν
551 744 764 839 θυραν·
812 757 1020 815 ἔπειτα
1066 758 1293 838 φοιτῶν
1328 755 1428 814 καὶ
1469 743 1818 814 κολακευων
1865 752 1997 837 [ἐυέ
2034 775 2104 814 τε
2136 751 2257 834 καὶ]
2303 744 2415 819 τὴν
2458 747 2654 834 μητέρ’

396 875 547 957 ἔγνω
594 868 717 956 μ’.“
805 873 903 952 (cf.
953 874 1143 935 etiam
1189 872 1336 935 Cist.
1386 871 1436 952 I,
1468 874 1527 952 3,
1560 875 1598 934 8
1658 873 1902 946 „Fuere
1945 872 2187 955 Sicyoni
2226 872 2459 933 iamdiu
2506 870 2665 932 Dio-

397 992 605 1074 nysia“
631 993 791 1066 etc).
820 1027 902 1037 --
925 990 1224 1075 Denique
1253 995 1319 1054 in
1344 991 1744 1072 Curculione,
1779 996 1848 1053 ut
1878 993 1941 1053 in
1975 990 2223 1054 duabus
2254 992 2474 1073 primis
2509 1010 2665 1073 quas

394 1113 802 1174 tractavimus
848 1109 1102 1191 fabulis,
1154 1111 1420 1173 Veneris
1464 1112 1674 1173 cultus
1720 1112 1951 1192 locum,
1995 1112 2290 1192 quamvis
2323 1112 2538 1172 minus
2568 1112 2666 1172 in-

398 1231 669 1312 signem,
717 1228 969 1293 obtinet.
1063 1230 1230 1293 Ante
1278 1231 1537 1293 domum
1584 1232 1754 1292 enim
1801 1231 2054 1293 lenonis
2101 1251 2207 1293 ara
2252 1229 2524 1292 Veneris
2572 1234 2669 1293 est

397 1349 491 1429 (cf.
544 1349 613 1409 71
669 1350 853 1431 sqq),
914 1350 981 1410 in
1041 1368 1163 1431 qua
1222 1348 1492 1430 Leaena,
1558 1369 1721 1412 anus
1785 1349 2133 1423 „multibiba
2193 1360 2244 1410 et
2299 1348 2666 1423 merobz'ba“,

397 1468 552 1531 deae
612 1466 768 1529 libat
829 1468 906 1531 de
956 1470 1106 1531 vino
1164 1469 1332 1550 quod
1385 1468 1461 1531 ab
1520 1474 1796 1532 amatore
1851 1470 2285 1532 meretriculae
2331 1468 2666 1530 cuiusdam

397 1587 562 1650 dono
610 1588 866 1669 accepit.

565 1706 640 1768 In
688 1706 1334 1788 Amphitruone,
1399 1711 1583 1770 cuius
1628 1710 2075 1789 argument-um
2121 1724 2201 1767 ex
2245 1705 2460 1770 fabula
2504 1706 2667 1769 Her-

395 1827 577 1889 culea
621 1827 1037 1908 compositum
1071 1831 1186 1906 est,
1228 1828 1440 1889 omnia
1472 1845 1634 1908 quae
1680 1827 1795 1888 hoc
1835 1828 1970 1907 ipso
2013 1826 2225 1904 mytho
2258 1828 2668 1890 continentur

397 1982 480 1992 --
527 1965 688 2028 quae
748 1945 1131 2027 supersedeo
1180 1947 1617 2024 dinumerare,
1682 1946 1831 2027 quia
1877 1946 1931 2005 si
1976 1964 2235 2007 conarer
2283 1948 2492 2008 omnis
2535 1947 2668 2009 fere

398 2065 551 2125 mihi
594 2066 942 2129 enarranda
991 2070 1159 2128 esset
1210 2063 1423 2128 fabula
1468 2102 1544 2109 -
1592 2064 1938 2146 exemplari
1983 2062 2318 2129 tribuenda
2364 2086 2507 2129 esse
2553 2070 2669 2130 vix

399 2203 560 2266 opus
629 2189 723 2246 est
786 2183 1216 2247 affirmatione.
1290 2184 1430 2247 ‘Sed
1493 2186 1682 2246 ctiam
1746 2186 1816 2246 in
1885 2185 2189 2266 siuguliS,
2259 2206 2421 2268 quae
2486 2187 2670 2249 facile

399 2309 640 2386 poterat
683 2309 957 2383 mutare,
1020 2302 1284 2366 Plautus
1338 2306 1529 2367 Attici
1587 2308 1808 2386 poetae
1857 2306 2124 2387 vestigia
2167 2308 2480 2387 pressisse
2527 2308 2669 2389 qui-

401 2422 667 2486 busdam
742 2423 896 2486 locis
967 2427 1384 2507 cognoscitur.
1486 2425 1589 2487 Sic
1652 2424 2137 2507 descriptionem
2211 2426 2433 2508 proelii
2506 2429 2670 2488 inter

401 2543 735 2606 Thebanos
784 2548 845 2605 et
890 2541 1199 2607 Teleboos
1246 2546 1573 2608 commissi
1604 2545 1968 2626 (202-61),
2018 2562 2180 2627 qnae
2225 2546 2302 2608 ad
2345 2544 2668 2609 Romana-s

397 2683 499 2725 res
544 2662 1009 2725 accommodata
1064 2648 1207 2726 ferex
1240 2665 1537 2745 habetur,
1593 2670 1879 2727 accurate
1940 2685 1974 2728 e
2021 2666 2261 2728 Graeco
2300 2666 2670 2729 translatam

400 2801 543 2844 csso
590 2782 873 2845 indicant
917 2804 1015 2849 vv,
1051 2784 1172 2846 256
1221 2804 1312 2867 sq.
1408 2784 1750 2858 „Post-ridie
1788 2786 1850 2845 in
1895 2796 2091 2845 castra
2137 2807 2208 2846 ear
2250 2784 2393 2844 urbe
2438 2785 2523 2844 ad
2563 2807 2670 2845 nos

403 2901 631 2962 veniunt
677 2901 891 2985 flentes
932 2904 1255 2985 principe&
1314 2903 1529 2966 Velatis
1570 2905 1842 2965 manibus
1858 2905 1917 2985 ³⁸)
1964 2915 2138 2966 orant
2186 2949 2232 2965 ..
2252 2911 2312 2963 .“
2375 2902 2674 2985 Namque

402 3022 718 3104 supplices
766 3043 975 3086 ramos
1054 3023 1227 3086 oleae
1305 3024 1465 3086 ferre
1519 3023 1761 3086 fasciis
1793 3025 1993 3087 laneis
2046 3022 2379 3086 obvolutos
2448 3021 2670 3085 Graeci

400 3143 594 3203 moris
627 3145 741 3221 est,
774 3141 955 3226 ⁸quod
983 3142 1215 3203 diserte
1261 3146 1527 3206 testatur
1571 3142 1789 3205 Livius
1824 3146 1924 3223 29,
1964 3142 2060 3223 16,
2092 3144 2128 3203 6
2178 3143 2436 3221 „decem
2482 3141 2671 3223 legati

402 3259 810 3322 Locrensium
1014 3262 1081 3322 in
1140 3264 1391 3326 comitio
1450 3262 1819 3326 sedentibus
1885 3240 2256 3324 consulibus
2313 3261 2673 3323 velamenta

403 3381 808 3463 supplicium,
852 3401 1063 3444 ramos
1105 3383 1299 3463 oleae,
1347 3387 1415 3445 ut
1447 3384 1704 3446 Graecis
1735 3402 1874 3446 mos
1907 3387 2020 3462 est,
2050 3381 2448 3464 porgentes“.
2498 3378 2671 3441 Idem

403 3501 901 3564 animadvertere
954 3521 1299 3584 possumus
1351 3522 1425 3566 eo
1470 3504 1641 3583 loce,
1700 3502 1808 3565 ubi
1867 3502 1944 3564 de
2012 3505 2193 3564 nocte
2258 3521 2295 3562 a
2337 3499 2491 3562 Iove
2533 3519 2674 3582 pro-

403 3620 592 3683 ducta
659 3625 729 3683 ut
793 3622 1031 3684 diutius
1096 3623 1406 3686 frueretur
1485 3623 1879 3686 Alcumenae
1951 3621 2417 3684 consuetudine
2492 3618 2675 3682 Sosia

405 3742 702 3803 scurriles
760 3743 988 3824 profert
1045 3744 1302 3804 facetias
1364 3764 1418 3803 v.
1467 3744 1587 3805 272
1636 3761 1772 3825 sqq.
1882 3741 2125 3816 „Credo
2181 3761 2281 3821 eqo
2341 3738 2452 3798 bac
2504 3747 2677 3799 noctu

406 3857 783 3921 Nocturnmn
846 3862 1260 3923 obdormivisse
1324 3861 1565 3922 elwinm.
1666 3860 1828 3922 Nam
1895 3883 2076 3944 neque
2140 3883 2198 3921 se
2262 3858 2676 3940 septentriones

404 4001 701 4061 quoquam
744 3981 806 4041 in
847 3982 1004 4043 caelo
1047 3991 1423 4055 connum-ent,
1482 3979 1693 4063 Neque
1727 4005 1785 4043 se
1827 3981 1970 4042 ἰιιηα
2011 4002 2309 4063 quoquam
2351 3988 2538 4040 ventat
2581 3987 2674 4037 at-

406 4120 517 4181 que
560 4100 647 4160 uti
689 4110 946 4160 emortus&
999 4100 1171 4162 semel
1191 4147 1207 4174 ‚
1266 4102 1396 4165 Nec
1452 4099 1687 4183 iuyulae
1728 4122 1908 4184 neque
1949 4122 2265 4182 vespe-ruyo
2324 4120 2502 4183 neque
2545 4120 2675 4159 ver·-

545 4274 597 4335 *)
640 4307 670 4330 „
694 4270 884 4320 Velate's
933 4272 1155 4320 manibus
1174 4278 1205 4302 “
1253 4270 1508 4323 audacter
1555 4268 1687 4322 dicit
1740 4272 1898 4338 poeta
1946 4286 2040 4338 pro
2098 4270 2352 4330 „manibus
2398 4270 2675 4318 velamenta

407 4356 511 4424 (sic
548 4355 810 4410 vocabant
845 4356 988 4424 ipsos
1024 4373 1199 4410 ramos
1234 4357 1359 4409 lana
1394 4357 1625 4423 velatos)
1662 4363 1930 4408 tenentes“.
