3028 4990
1282 351 1700 411 ...21-

1375 533 1668 625 §112⁰

526 689 646 752 His
692 689 995 754 omnibus
1042 710 1202 773 quos
1247 693 1654 754 tractavimus
1696 689 1873 767 lociS‚
1920 690 1973 750 si
2017 707 2218 771 pauca
2262 688 2624 770 excipimus

337 833 381 874 a
445 808 732 873 Romana
800 812 1106 893 religione
1171 811 1477 894 addita*),
1544 810 1838 873 Plautum
1900 808 2335 871 intelleximus
2404 828 2623 871 earum

340 950 518 1014 quas
564 932 881 1013 expressit
921 929 1275 992 fabularum
1319 949 1422 992 res
1455 948 1685 1010 sacraS,
1729 930 1976 991 etiamsi
2008 949 2045 991 a
2072 926 2378 990 Romanis
2409 930 2627 989 essent

341 1053 621 1132 alienae,
686 1052 966 1132 integras
1012 1054 1074 1111 et
1116 1049 1386 1113 illibatas
1431 1052 1493 1112 in
1547 1050 1831 1131 palliatas
1879 1067 2027 1123 suas
2071 1049 2407 1130 recepisse.
2502 1046 2625 1110 Sed

340 1170 628 1255 profecto
692 1169 831 1231 fieri
897 1189 1022 1231 non
1082 1171 1287 1251 potuit.
1353 1172 1507 1252 quin
1566 1168 1828 1232 barbaro
1878 1171 2098 1250 poetae
2144 1169 2414 1229 vertenti
2464 1186 2626 1249 quae

344 1290 436 1354 ab
477 1291 703 1352 Atticis
749 1290 1010 1351 comicis
1057 1289 1264 1350 Attico
1312 1308 1485 1350 more
1533 1288 1696 1350 dicta
1741 1290 1919 1351 erant
1963 1287 2280 1349 interdum
2328 1287 2628 1348 deessent

345 1408 665 1472 vocabula
693 1407 920 1470 Latina
972 1427 1135 1490 quae
1178 1408 1391 1470 aliena
1435 1412 1722 1470 accurate
1769 1409 2218 1488 exprimerent..
2310 1404 2476 1480 Quid
2511 1407 2627 1467 mi-

344 1549 498 1591 rum
560 1530 755 1610 igitur
822 1528 989 1610 quod
1056 1547 1544 1609 nonnumquam
1599 1546 1682 1589 ex
1735 1525 2025 1589 Romana
2087 1526 2395 1607 religione
2467 1545 2628 1607 quae

350 1648 740 1710 Graecarum
785 1667 996 1710 rerum
1041 1649 1172 1709 vim
1220 1650 1283 1707 et
1326 1648 1650 1709 notionem
1699 1647 2102 1727 aliquatenus
2146 1644 2486 1707 redderent
2526 1663 2628 1707 res

352 1769 623 1831 nomina
667 1745 1017 1830 locutiones
1065 1767 1507 1849 depromeret?
1598 1765 1839 1840 Quodsi
1879 1768 1946 1827 in
1978 1767 2350 1847 argumento
2382 1762 2630 1826 fabulae

352 1887 693 1951 Plautinae
752 1889 1158 1949 inveniemus
1212 1885 1450 1968 aliquid
1512 1906 1547 1947 e
1593 1884 1882 1948 Romano
1928 1885 2102 1947 cultu
2163 1885 2452 1965 petitum,
2514 1884 2631 1945 cir-

352 2007 913 2090 cumspiciendum
974 2006 1157 2069 nobis
1223 2008 1358 2086 erit,
1421 2026 1735 2088 quaenam
1802 2024 1902 2067 res
1954 2005 2212 2067 Graecis
2262 2023 2438 2066 sacra
2485 2022 2631 2066 cum

349 2130 472 2192 illa
503 2129 850 2210 plurimum
883 2127 1105 2189 habeat
1138 2126 1599 2206 similitudiniS,
1631 2144 1898 2207 eamque
1930 2127 1996 2186 in
2032 2125 2384 2206 exemplari
2408 2122 2632 2186 Plauto

355 2253 511 2312 ante
557 2247 776 2310 oculos
820 2247 1021 2309 fuisse
1070 2265 1321 2308 summa
1364 2247 1647 2308 veritatis
1693 2246 1922 2328 specie,
1974 2266 2054 2308 ne
2102 2247 2307 2308 dicam
2351 2245 2638 2323 veritate,

358 2374 740 2431 statuemus
835 2364 1024 2429 Velut
1064 2368 1118 2428 si
1161 2367 1434 2447 legimus
1476 2368 1543 2428 in
1590 2365 1920 2428 Aulularia
1964 2366 2341 2429 Euclionem
2385 2366 2637 2428 thesau-

355 2511 528 2571 rum,
585 2508 777 2571 quem
841 2509 922 2551 ne
989 2489 1055 2550 in
1113 2487 1350 2550 Fidei
1406 2486 1662 2568 quidem
1706 2484 1893 2548 fano
1942 2488 2265 2550 satistuto
2313 2486 2638 2549 eonditum

358 2614 670 2693 expertus
714 2612 814 2690 sit,
860 2609 1246 2672 abscondere
1291 2610 1359 2670 in
1406 2607 1740 2682 „Silvani
1785 2606 1939 2667 luco
1984 2618 2153 2668 witra
2197 2629 2439 2667 vaurum
2484 2608 2635 2681 avie,

364 2729 571 2792 crebro
618 2729 821 2790 salicto
865 2728 1142 2809 oppleto“
1187 2728 1353 2808 (666)
1400 2728 1618 2810 ibique
1661 2747 1810 2790 eum
1856 2728 2135 2788 inveniri
2180 2748 2217 2790 a
2259 2744 2442 2788 servo
2485 2746 2639 2808 quo-

363 2852 531 2925 dam,
584 2852 694 2933 qui
737 2851 804 2911 in
843 2847 1062 2911 arbore
1110 2849 1339 2910 sedens
1387 2849 1782 2930 spectaverit,
1830 2851 1900 2909 ut
1942 2866 2168 2908 aurum
2213 2866 2249 2908 a
2295 2864 2450 2907 sene
2498 2843 2639 2906 abs-

364 2950 728 3055 truderetur
792 2968 936 3048 (701
1010 2968 1210 3049 sqq.),
1280 2985 1435 3028 num
1498 2984 1844 3048 possumus
1912 2965 2041 3026 ullo
2105 2964 2290 3026 modo
2354 2962 2640 3025 dubitare

372 3092 546 3152 hunc
590 3090 803 3151 locum
851 3107 1052 3170 acque
1097 3107 1170 3149 ac
1214 3086 1391 3148 Fidei
1436 3084 1593 3147 illud
1640 3085 1860 3148 fanum
1905 3084 2007 3165 (de
2042 3103 2167 3167 quo
2209 3083 2282 3145 ef.
2320 3103 2378 3165 p.
2412 3082 2486 3144 11
2523 3085 2641 3166 sq.)

368 3212 438 3271 in
484 3207 782 3289 exemplo
829 3208 1140 3289 analogon
1189 3205 1487 3288 quiddam
1537 3204 1883 3267 habuisse?
1972 3204 2052 3266 Et
2096 3205 2394 3287 quoniam
2442 3202 2642 3266 Silva—

370 3348 497 3391 nus
545 3330 833 3390 omnium
880 3325 1177 3389 Graeciae
1215 3326 1477 3388 deorum
1526 3322 1686 3386 Pani
1734 3329 1960 3387 natura
1999 3325 2282 3387 maxime
2334 3325 2643 3405 cognatus

374 3451 436 3511 et
495 3450 629 3510 erat
672 3451 733 3508 et
776 3467 813 3508 a
855 3443 1162 3508 Romanis
1221 3442 1705 3507 existimabatur
1760 3443 1858 3523 (cf.
1913 3441 2170 3506 Preller.
2216 3443 2412 3523 myth.
2456 3439 2640 3503 Rom.

370 3566 452 3647 13,
483 3587 541 3649 p.
568 3567 736 3648 397),
784 3570 1036 3629 antrum
1073 3570 1286 3629 autem
1333 3564 1648 3626 inclutum
1693 3564 1885 3625 huius
1934 3563 2036 3625 dei
2068 3581 2319 3625 sacrum
2359 3561 2645 3641 AtheniS,

375 3685 489 3749 ubi
530 3686 863 3749 Aulularia
908 3686 1113 3768 agitur
1158 3684 1252 3765 (cf.
1300 3706 1358 3768 p.
1408 3685 1529 3765 12),
1576 3682 1696 3745 sub
1744 3681 2014 3764 acropoli
2060 3683 2225 3743 inter
2270 3681 2645 3762 septentrio·

374 3824 496 3869 nes
556 3810 618 3868 et
677 3825 973 3869 occasum
1037 3805 1189 3867 solis
1258 3806 1450 3867 situm
1495 3803 1697 3865 fuisse
1744 3806 1966 3865 notum
2012 3804 2108 3863 est
2128 3800 2246 3881 **),
2306 3820 2387 3862 an
2449 3803 2647 3862 teme-

376 3927 616 3988 rarium
674 3927 793 3989 erit
849 3926 1137 3988 conicere
1197 3926 1314 3987 hoe
1371 3927 1622 3986 antrum
1669 3922 1915 3985 Atticae
1980 3920 2344 3983 comoediae
2393 3922 2646 4001 poetam

376 4046 665 4108 voluisse
726 4045 1062 4126 intellegi?
1159 4045 1247 4106 At
1301 4062 1452 4105 vero
1504 4043 1735 4104 mirum
1798 4042 2111 4123 quantum
2164 4042 2429 4102 interest
2483 4039 2649 4100 inter

521 4223 578 4285 ²¹²)
619 4222 700 4275 Cf.
741 4237 791 4289 p.
832 4219 862 4272 7
900 4219 1018 4271 adn.
1062 4219 1144 4271 11.
1188 4218 1266 4270 14.

523 4309 607 4374 **J
647 4308 729 4362 Cf.
767 4305 1023 4359 Herodot.
1061 4307 1109 4368 6,
1150 4305 1265 4359 105.
1322 4303 1598 4371 Aristoph.
1636 4301 1762 4367 LyS.
1801 4299 1899 4352 911
1953 4315 2073 4352 cum
2119 4298 2286 4353 schol.
2326 4297 2555 4351 Pausan.
2599 4295 2649 4358 8,

381 4397 470 4461 54,
509 4397 556 4449 6.
613 4412 659 4447 v,
698 4392 1073 4456 WilamowitZ,
1110 4390 1397 4458 Kydathen
1433 4408 1483 4460 p.
1527 4389 1641 4442 107.
