3028 4990
1367 307 1788 368 ...50-

446 490 669 553 Facere
706 502 768 552 ut
813 492 908 553 det
945 512 1155 553 nomen
1199 491 1285 551 ad
1327 489 1528 552 Iliolas
1566 490 1855 552 coloniam
1870 488 1995 571 ῗ69
2082 488 2379 571 Namque
2434 488 2517 550 fit
2586 507 2769 550 sane

440 611 612 693 apud
662 610 1080 674 Menandrum
1131 630 1407 693 quoquc,
1468 617 1536 673 ut
1581 612 1811 693 aliquis
1855 612 1969 691 rei,
2037 628 2229 691 quam
2277 610 2500 690 magni
2558 611 2770 690 putat

441 731 521 794 ad
559 731 889 794 hominum
934 732 1127 792 vitam
1190 730 1514 811 momenti,
1576 730 1827 792 divinas
1889 746 2040 810 opes
2101 727 2583 809 philosophans
2644 727 2771 788 ad-

442 850 692 930 scribat,
748 851 820 913 cf.
865 871 923 934 p.
969 851 1113 930 233,
1172 851 1247 912 lO
1309 843 1458 934 ,,ἐγο“
1533 841 1895 929 δ’ὑπέλαβον
1953 848 2272 933 χρησίμους
2323 845 2467 909 εἶναι
2552 841 2773 918 θεοὺς

442 961 755 1057 τάργύριον
789 964 926 1055 ἡμῖν
965 971 1066 1031 καὶ
1101 963 1173 1030 τὸ
1204 968 1497 1053 χρυσίον.“
1546 989 1604 1049 p.
1643 969 1742 1048 72,
1780 970 1857 1030 14
1902 958 2095 1045 ,,Θεο’ς
2126 968 2255 1028 ἐστι
2283 977 2407 1039 τοῖς
2435 976 2769 1052 χρηστοῖς

443 1088 536 1152 ἀεὶ
591 1083 621 1151 ὁ
682 1093 813 1161 νοῦς
871 1080 1001 1173 γάρ,
1066 1081 1146 1161 ὡς
1212 1091 1458 1149 ἔοικεν.“
1507 1088 1607 1164 (cf.
1656 1108 1715 1170 p.
1765 1088 1867 1168 90,
1917 1085 1953 1146 6
2006 1092 2067 1149 et
2110 1107 2278 1150 mon.
2324 1088 2476 1159 434)
2562 1106 2762 1149 mou,

447 1211 565 1272 597
618 1207 894 1287 ,,Ἅπασιν
929 1202 1067 1293 ἡμῖν
1104 1202 1144 1277 ᾗ
1191 1199 1513 1281 συνείδησις
1559 1198 1762 1279 θεός.“
1831 1206 1928 1288 (cf.
1980 1209 2150 1288 654.)
2191 1228 2249 1290 p.
2280 1208 2379 1287 76,
2418 1209 2456 1269 8
2501 1202 2753 1289 „Xoc‘i'p’

446 1322 496 1389 ὦ
555 1330 696 1414 φίλη
739 1333 837 1412 fi,
893 1320 994 1389 διὰ
1034 1317 1247 1412 χρόνου
1301 1331 1533 1388 πολλοῦ
1581 1324 1624 1388 σ’
1679 1319 1821 1387 ἰδὼν
1864 1316 2229 1409 ἀσπάζομαι.
2274 1328 2445 1387 τουτὶ
2489 1321 2627 1412 γὰρ
2684 1322 2763 1387 οὐ

441 1452 639 1509 πᾶσαν
710 1451 863 1508 ποιῶ
934 1441 1045 1516 τὴν
1107 1451 1235 1531 γῆν,
1302 1444 1450 1508 ὅταν
1503 1439 1574 1507 δὲ
1632 1441 1856 1530 τούμὸν
1926 1440 2103 1507 ἐσίδω
2172 1445 2402 1529 χωρίον·
2473 1441 2556 1507 τὸ
2631 1439 2764 1528 γὰρ

442 1566 660 1652 τρέφον
704 1589 779 1651 με
819 1564 981 1627 τοῦτ’
1018 1560 1140 1650 ἐγώ
1189 1566 1361 1652 κρίνω
1406 1557 1608 1632 θεον,“
1653 1587 1713 1649 p.
1745 1568 1866 1629 289
1912 1568 2084 1642 (252)
2127 1563 2296 1642 „oea
2328 1569 2456 1626 ἔστι
2486 1556 2763 1649 τόλμης

447 1682 878 1768 ἐπιφανεστέρα
945 1674 1145 1755 θεός.“
1250 1683 1370 1746 Sed
1455 1689 1765 1766 quantum
1842 1685 1958 1747 hoc
2025 1685 2338 1766 discrepat
2414 1706 2449 1747 a
2512 1685 2760 1747 Plauti

446 1803 762 1867 eiusmodi
825 1802 978 1864 deos
1037 1801 1382 1864 inducendi
1427 1804 1690 1883 ratione,
1753 1806 1988 1886 quippe
2052 1807 2159 1887 qui
2208 1824 2336 1866 non
2383 1806 2755 1886 explicans

448 1927 557 1986 aut
600 1923 1079 2004 philosophanS,
1123 1941 1347 1985 verum
1393 1924 1691 1986 audacter
1737 1929 1797 1985 et
1843 1928 2165 2005 tamquam
2218 1925 2303 1985 nil
2352 1925 2433 1986 sit
2480 1926 2754 1987 insoliti

446 2044 514 2105 in
562 2041 841 2125 qualibet
885 2061 952 2104 re
998 2043 1337 2104 constituat
1384 2061 1736 2124 personam.
1815 2042 2040 2105 Itidem
2075 2044 2152 2105 ad
2192 2042 2486 2107 Plautum
2516 2045 2748 2107 refero

447 2161 869 2225 Libertatis
917 2167 977 2224 et
1023 2160 1417 2242 Pietatis,
1465 2183 1737 2245 quarum
1786 2168 2119 2245 utramque
2153 2161 2424 2226 Romani
2471 2165 2749 2247 publice

453 2282 863 2362 coluerunt*),
925 2271 1326 2363 memoriam,
1370 2284 1643 2357 ‚alterius
1699 2281 1859 2345 Rud.
1921 2284 2045 2345 489
2083 2284 2393 2363 ‘„Edep0l
2447 2282 2748 2346 Libertas

451 2400 723 2483 lapicida,
784 2422 933 2484 quae
976 2422 1305 2483 nuncquam
1351 2401 1574 2481 pedem
1625 2401 1867 2462 Voluisti
1909 2402 1970 2461 in
2015 2423 2222 2462 navem
2261 2423 2487 2462 mecum
2536 2402 2748 2466 hercle

450 2546 570 2583 una
616 2523 980 2602 imponm·e‚“
1027 2522 1285 2584 alterius
1334 2523 1510 2583 Asin.
1564 2523 1685 2584 506
1734 2521 1913 2596 „Ubi
1939 2521 2110 2601 piem
2148 2520 2455 2595 Pietatem,
2501 2523 2554 2583 si
2590 2524 2745 2584 istoc
2801 2561 2806 2564 ⁴

450 2664 612 2705 more
656 2652 951 2702 moratam
980 2642 1086 2702 tibi
1117 2640 1413 2702 Postulem
1448 2642 1711 2721 placere,
1745 2652 1933 2702 mater
1969 2691 1979 2702 .
2019 2687 2031 2700 .
2078 2688 2090 2701 .
2136 2640 2411 2702 Hocine-<st
2436 2640 2740 2704 Pietatem

452 2759 656 2835 colere,
698 2761 885 2821 matri
910 2760 1229 2840 imperium
1258 2761 1586 2822 minuere.“
1641 2759 2088 2823 Recentissimi
2121 2762 2389 2824 editores
2424 2761 2736 2825 Goetzius

453 2884 517 2942 et
539 2879 828 2943 Loewius
852 2881 921 2943 in
952 2881 1163 2943 verbis
1192 2881 1404 2962 „pie-m
1429 2880 1761 2943 Pietatem“
1793 2882 2047 2944 schema
2074 2882 2280 2944 solum
2311 2883 2478 2965 quod
2496 2886 2739 2946 vocant

451 3001 944 3083 etymologicum
1003 3004 1422 3084 agnoverunt,
1486 3001 1596 3063 sed
1658 3021 1774 3083 ego
1840 3002 2021 3063 deam
2070 2999 2365 3065 Plautum
2412 3004 2529 3066 hoc
2587 3004 2734 3067 loco

453 3138 579 3181 non
647 3121 862 3182 minus
927 3120 1324 3203 significasse
1391 3126 1546 3202 puto
1615 3140 1804 3202 quam
1855 3120 2080 3183 Pseud.
2148 3122 2265 3185 291
2332 3142 2423 3206 sq.
2493 3124 2738 3204 „pietas

438 3235 725 3317 ⁴prohibet)
783 3275 862 3305 —,-
907 3238 1130 3300 Audio.
1224 3239 1512 3301 Pietatem
1557 3261 1693 3320 erqo
1736 3241 1913 3301 istam
1957 3241 2336 3322 amplexator
2388 3253 2562 3304 noctu
2606 3265 2733 3323 pro

452 3354 832 3452 Phoeniciof‘
882 3396 912 3401 -‹
961 3348 1348 3441 Plerumque
1397 3363 1608 3422 autern
1656 3361 1723 3423 hi
1753 3360 2094 3444 allegorici,
2140 3367 2210 3424 ut
2240 3364 2327 3424 ita
2358 3362 2583 3444 dicam,
2625 3363 2733 3426 dei

452 3478 539 3538 ita
569 3477 738 3558 apud
766 3482 1013 3559 poetam
1042 3478 1378 3560 prodeunt,
1418 3484 1487 3541 ut
1518 3482 1988 3562 coniungantur
2023 3487 2131 3543 aut
2162 3501 2308 3544 cum
2340 3483 2531 3546 rebus
2565 3502 2729 3565 quas

450 3598 823 3677 exprimunt
880 3602 989 3660 aut
1033 3618 1180 3661 eum
1220 3598 1549 3661 vocabulis
1597 3604 1900 3683 cognatae
1968 3602 2231 3684 originis
2270 3603 2374 3664 vel
2426 3602 2724 3665 notionis,

449 3715 988 3804 Frequentissime
1038 3720 1327 3780 omnium
1390 3719 1475 3781 ita
1522 3719 1860 3784 exhibetur
1904 3720 2141 3783 Salus
2203 3721 2320 3784 dea
2377 3724 2727 3805 antiquitus

450 3833 690 3897 Romae
746 3836 914 3898 culta
976 3839 1207 3920 cuique
1266 3837 1487 3901 Graeci
1546 3841 1784 3902 nullam
1841 3840 2196 3904 habuerunt
2236 3842 2589 3924 aequalem,
2647 3841 2722 3902 cf.

590 4074 645 4140 ¹⁸³)
686 4074 1018 4141 Quamquam
1057 4076 1120 4129 de
1146 4076 1361 4129 Pietate
1379 4078 1588 4131 ‘Romae
1616 4079 1763 4132 culta
1789 4063 2017 4132 Plautus
2044 4080 2128 4131 vix
2157 4083 2436 4149 cogitavit,
2467 4083 2727 4152 siquidem

449 4159 623 4228 prima
683 4160 733 4212 ei
791 4159 945 4213 aedes
1009 4178 1146 4214 anno
1204 4164 1295 4215 191
1351 4181 1395 4215 a.
1450 4165 1574 4218 Chr.
1626 4167 1748 4218 vota
1795 4182 1825 4217 a
1879 4166 1968 4218 M)
2018 4167 2191 4220 Acilio
2241 4169 2527 4223 Glabrione
2590 4187 2726 4223 anno

450 4246 666 4298 demum
722 4249 846 4314 post
906 4250 1129 4299 mortem
1193 4254 1383 4317 poetae
1442 4252 1614 4304 nostri
1664 4269 1694 4304 a
1745 4253 1853 4305 filio
1905 4253 2049 4306 illius
2097 4260 2409 4309 consecrata
2460 4259 2543 4309 est
2593 4259 2725 4321 (Liv,

448 4333 532 4396 40,
573 4332 656 4397 34,
697 4336 767 4399 5).
