3028 4990
1337 359 1759 417 —44-

415 539 823 618 quaesiverit,
869 558 1059 620 quem
1104 541 1178 602 ad
1228 540 1421 602 finem
1471 559 1633 621 opus
1674 546 1844 604 esset
1888 542 2226 623 Chrysippi
2274 539 2460 601 verba
2512 544 2686 601 recte

413 656 840 738 interpretari,
919 659 1214 722 videlicet
1274 663 1558 742 respexit
1622 663 1760 743 ipsa
1832 660 2023 722 verba
2086 660 2449 740 Chrysippi,
2532 661 2687 740 „qui

410 776 666 853 totam“‚
717 780 783 837 ut
824 779 914 839 ait
959 776 1174 840 Cicero
1222 779 1258 840 1.
1309 799 1384 857 0.,
1447 779 1565 859 „de
1613 781 2003 843 divinatione
2050 777 2299 841 duobus
2346 777 2521 838 libris
2567 797 2686 839 ex-

411 893 668 974 plicavit
723 899 1161 959 sententiam“.
1275 898 1440 980 Ergo
1501 898 1741 961 Graeca
1798 902 1935 961 sine
1992 896 2182 959 dubio
2230 897 2442 959 doeu=t
2483 916 2689 977 augu-

408 1012 560 1074 ralis
615 1012 952 1096 disciplina
995 1036 1255 1078 corvum
1296 1020 1557 1079 nonnisi
1601 1039 1637 1080 a
1676 1019 1929 1096 dextra,
1990 1019 2304 1078 cornicem
2350 1036 2386 1076 a
2427 1017 2690 1077 sinistra

411 1137 814 1214 conspectam
876 1136 975 1196 vel
1035 1136 1313 1199 auditam
1377 1138 1442 1198 in
1519 1136 1755 1199 bonum
1802 1157 1990 1198 omen
2038 1155 2180 1198 esse
2225 1134 2683 1215 accipiendam.

411 1249 643 1314 Contra
685 1250 991 1317 Romanis
1058 1275 1317 1317 corvum
1366 1276 1403 1316 a
1448 1256 1736 1334 sinistra,
1797 1258 2113 1318 cornicem
2162 1277 2195 1317 a
2242 1255 2464 1315 dextra
2509 1258 2688 1334 parte

408 1370 615 1433 fausta
673 1372 814 1435 visa
869 1392 1011 1436 esse
1076 1374 1503 1456 colligendum
1559 1374 1810 1437 videtur
1870 1397 1951 1438 ex
2004 1375 2219 1437 Horat.
2280 1372 2393 1434 Od.
2456 1372 2516 1453 3,
2581 1374 2688 1452 27,

412 1491 444 1550 7
487 1509 623 1573 sqq.
675 1512 832 1574 „ego
866 1495 969 1555 cui
1000 1493 1258 1575 timebo,
1299 1493 1612 1556 Providus
1646 1514 1892 1577 auspex
1940 1544 1951 1555 .
1983 1544 1993 1555 .
2026 1542 2038 1553 .
2087 1494 2387 1556 Oscinem
2420 1512 2688 1554 corvum

412 1628 595 1691 prece
622 1611 939 1675 suscitabo
971 1613 1135 1676 Solis
1169 1613 1246 1677 ab
1280 1621 1418 1676 ortu
1444 1616 1508 1694 (i.
1541 1634 1591 1676 e.
1631 1634 1714 1676 ex
1734 1612 2189 1693 Romanorum,
2213 1615 2322 1694 qui
2356 1612 2690 1674 meridiem

414 1749 638 1792 versus
683 1735 1064 1814 spectarent,
1119 1754 1437 1816 augurum
1480 1735 1725 1796 ratione
1771 1756 1807 1796 a
1851 1735 2141 1812 sinistra,
2188 1735 2259 1794 cf.
2316 1731 2505 1795 Varro
2549 1732 2586 1792 l.
2636 1731 2680 1792 1.

411 1848 557 1931 Vll,
605 1851 638 1910 7
690 1853 948 1934 „templi
1006 1860 1216 1934 partes
1267 1858 1537 1934 quatuor
1580 1853 1909 1931 dicuntur,
1959 1855 2215 1915 sinistra
2275 1850 2352 1912 ab
2400 1852 2685 1912 oriente‘

410 1972 555 2051 etc.)
743 1969 959 2052 Teque
1011 1991 1125 2033 nec
1167 1972 1392 2035 laevus
1422 1977 1592 2034 vetet
1631 1974 1721 2034 ire
1753 1975 1935 2053 picus
1963 1971 2096 2034 Nec
2143 1992 2304 2054 vaga
2347 1970 2689 2047 cornix“*)

412 2089 586 2169 (nam
631 2094 889 2171 apparet
946 2091 1265 2171 epitheton
1328 2093 1584 2172 ,laevus‘
1637 2092 1738 2154 vel
1800 2092 2013 2171 ,laeva‘
2064 2094 2254 2153 etiam
2298 2091 2375 2153 ad
2420 2091 2682 2170 ,00111111ι

411 2208 882 2292 supplendam);
943 2229 1153 2292 neque
1214 2211 1393 2274 aliter
1436 2210 1756 2293 Vergilius
1801 2211 1931 2273 Ecl.
1981 2210 2099 2291 IX,
2153 2213 2227 2271 14
2275 2230 2365 2291 sq.
2460 2208 2684 2289 „Quod

410 2329 537 2391 nisi
601 2348 703 2391 me
767 2349 1172 2413 quacumque
1225 2350 1425 2394 novas
1491 2332 1769 2393 incidere
1814 2331 1956 2392 lites
2003 2334 2172 2391 Ante
2230 2331 2484 2391 sinistra
2528 2348 2687 2390 cava

410 2450 768 2513 monuisset
812 2448 889 2512 ab
925 2450 1069 2513 ilice
1098 2451 1359 2513 cornix“
1409 2453 1725 2513 cornicem
1757 2450 2001 2513 laevam
2032 2450 2349 2512 funestam
2376 2454 2551 2531 putat
2564 2447 2680 2529 **).

409 2568 631 2650 ltaque
691 2575 931 2631 certum
986 2572 1513 2652 exploratumque
1578 2575 1673 2632 est
1731 2572 2059 2632 Asinariae
2119 2569 2254 2631 loco
2299 2589 2348 2629 c.
2415 2568 2685 2630 subesse

412 2689 718 2751 Graecam
757 2690 1076 2771 quandam
1124 2709 1437 2773 augurum
1482 2690 1900 2772 disciplinam.
1990 2691 2203 2771 Atque
2248 2708 2494 2771 parram
2542 2688 2685 2768 qui-

407 2807 552 2870 dem
608 2806 873 2869 Plautus
929 2809 1193 2872 fortasse
1253 2829 1334 2872 ex
1389 2806 1676 2871 Romano
1731 2828 1852 2871 usu
1908 2829 2096 2873 corvo
2143 2808 2400 2870 adiecit:
2469 2809 2684 2889 picum

409 2948 495 2991 ex
539 2928 904 3011 Demophili
951 2929 1203 3012 Onago,
1250 2949 1437 3012 quam
1485 2931 1834 3011 expressit,
1884 2929 2297 3009 adsumptum
2344 2946 2486 2989 esse
2533 2946 2686 2987 con-

410 3049 557 3110 iecit
601 3048 1127 3112 WVilamowitzius
1154 3051 1484 3130 sequentis
1530 3050 1686 3111 ioci:
1739 3048 1909 3122 „Sed
1952 3048 2098 3130 qnid
2140 3047 2266 3120 lcoc,
2313 3047 2473 3129 quod
2513 3046 2689 3125 picas

413 3166 637 3227 ulmum
714 3166 998 3228 tandiffl?
1085 3187 1344 3231 causam
1428 3169 1723 3230 intulisse
1812 3169 2121 3229 Graecum
2210 3154 2686 3251 ,δρυκοὶωίπτηςί

412 3288 788 3369 Suspicatus
881 3285 1062 3349 Patet
1094 3289 1287 3371 igitur
1331 3289 1522 3351 etiam
1579 3288 1725 3350 Aul.
1788 3287 1911 3347 624
1958 3307 2092 3370 sqq.
2187 3284 2375 3359 „Non
2422 3295 2691 3346 temer-est

413 3406 575 3486 φωτί
619 3428 826 3467 corvus
867 3418 1064 3468 cantat
1106 3407 1255 3469 milti
1297 3430 1448 3468 mmo·
1492 3409 1568 3468 ab
1597 3407 1762 3469 laeva
1793 3429 1975 3466 <manu
2023 3453 2036 3466 .
2066 3454 2075 3465 .
2104 3453 2117 3466 .
2170 3406 2459 3466 (sentinae
2492 3426 2686 3465 meum

413 3550 511 3584 νων
557 3527 741 3606 coepit
779 3538 969 3588 anem
997 3528 1208 3610 facere
1264 3528 1560 3588 ludicram
1604 3530 1798 3609 Atque
1844 3526 1903 3587 ιἰι
1959 3536 2167 3605 pectus
2226 3526 2540 3597 emicare‘ss
2600 3543 2683 3585 ex

415 3650 650 3709 (ii-acco
689 3646 899 3709 Plauti
950 3648 1299 3730 exemplari
1358 3649 1539 3728 oriri,
1597 3647 1746 3729 quia
1799 3665 2029 3708 corvus
2089 3646 2345 3706 sinister
2387 3643 2684 3705 Euclioni

555 3852 611 3916 ὗ’1)
644 3852 765 3904 Nisi
800 3852 980 3920 potius
1019 3852 1118 3904 hoc
1154 3850 1452 3903 tribua-mus
1490 3852 1799 3914 Augusteac
1848 3847 2043 3899 aetatis
2089 3846 2350 3906 inscitiae,
2391 3863 2525 3913 quac
2563 3846 2688 3912 qui·

415 3940 527 3990 dom
587 3938 642 3991 in
674 3939 976 3990 universum
1023 3938 1198 4005 co-·pit
1249 3936 1524 3988 sinistram
1561 3937 1770 4002 partem
1810 3937 2133 3988 Graecorum
2176 3948 2321 3983 more
2378 3932 2687 3998 significare

415 4026 636 4076 felicem.

555 4112 628 4176 **)
671 4111 793 4163 Non
831 4111 964 4163 satis
1004 4110 1186 4163 mirari
1237 4125 1449 4177 possum
1504 4107 1647 4175 quod
1684 4107 1843 4159 huius
1882 4105 1986 4158 loci
2032 4105 2350 4170 interpretes
2390 4122 2521 4172 quos
2560 4105 2683 4156 novi

415 4217 599 4249 omnes
638 4197 846 4251 laevum
892 4198 1177 4265 augurium
1217 4196 1306 4248 hic
1342 4195 1618 4262 accipiunt
1668 4195 1985 4254 secundum3
2038 4207 2264 4259 namque
2314 4207 2430 4243 mea
2473 4189 2688 4257 quidem

413 4283 679 4335 sententia
729 4282 922 4351 aliquis
973 4284 1036 4333 ut
1086 4280 1210 4333 lites
1259 4296 1443 4334 recens
1493 4283 1703 4334 exortas
1754 4281 1973 4334 dirimat
2025 4297 2130 4332 non
2170 4280 2307 4331 bono
2331 4316 2343 4338 ‚
2394 4276 2484 4328 sed
2538 4277 2687 4330 tristi

415 4373 587 4423 omine
625 4372 1002 4426 commovetur.
