3028 4990
1274 359 1695 418 ...23-

527 539 599 601 In
657 542 881 604 eadem
942 539 1157 602 fabu‘la
1217 539 1363 620 (691
1415 541 1536 622 sq.)
1598 542 1811 622 puella
1854 539 2116 623 gravida
2160 539 2271 601 ubi
2316 543 2626 623 parturire

339 663 566 742 coepit
622 665 769 741 post
825 678 1083 721 scenam
1131 695 1213 705 —-
1260 679 1408 721 nam
1454 662 1635 742 virgo
1683 659 1960 722 liberalis
2008 662 2107 722 est
2148 678 2360 742 neque
2408 681 2626 724 earum

345 780 549 841 ullam
590 781 940 842 orationem
985 780 1051 839 in
1098 780 1426 860 proscenio
1472 780 1690 841 induci
1717 781 1800 840 'in
1846 778 2098 861 palliata
2128 780 2460 841 comoedia
2499 779 2627 842 Do-

344 902 544 961 natus
610 898 880 960 affirmat
943 898 1131 979 praef.
1197 899 1392 960 Andr.
1438 920 1499 959 v.
1551 899 1657 961 fin.
1717 936 1797 944 --
1860 898 2114 960 auditur
2173 917 2320 959 cum
2380 898 2626 962 dolores

347 1023 536 1119 utero
589 1023 843 1081 exortos
901 1020 1310 1101 conqueritur
1360 1022 1710 1100 partusque
1764 1018 1945 1080 deam
2001 1021 2072 1080 ut
2126 1016 2247 1080 sibi
2310 1019 2625 1082 auxilium

341 1139 512 1201 ferat
555 1142 776 1201 exorat
820 1139 1048 1201 haecce
1093 1137 1485 1200 vociferans:
1551 1136 1783 1210 „Per-ii,
1829 1158 1962 1198 mea
1996 1137 2236 1197 nutriar.-
2278 1138 2510 1199 obsecro
2553 1149 2625 1212 te,

346 1268 590 1318 uterum
637 1257 810 1318 dolet.
889 1258 1060 1319 Iuno
1108 1256 1422 1330 Lucina,
1469 1268 1629 1317 tuam
1656 1257 1917 1340 fidem“.
2007 1257 2089 1318 Et
2125 1258 2193 1317 in
2239 1253 2625 1319 Truculento

346 1379 680 1458 meretrix,
730 1395 895 1460 quae
938 1378 1005 1438 in
1052 1378 1192 1458 ipsa
1236 1395 1427 1439 scena
1473 1380 1657 1459 quasi
1703 1377 2034 1459 puerperio
2081 1378 2333 1458 aegrota
2377 1393 2627 1437 accum-

347 1497 467 1574 bit,
514 1495 797 1559 Lucinae
856 1516 1030 1559 sacra
1083 1497 1229 1559 facit
1275 1499 1470 1559 stacta
1510 1495 1790 1559 verbena
1828 1500 1968 1557 ture
2017 1493 2293 1556 bellariis
2340 1497 2408 1556 in
2453 1514 2625 1557 aram

345 1618 671 1697 impositis
710 1614 813 1695 (ΙΙ,
847 1618 903 1696 5,
936 1618 1017 1677 23
1055 1618 1238 1699 sqq).
1327 1616 1609 1698 Apparet
1654 1620 1988 1698 utramque
2031 1613 2301 1677 Iunonis
2345 1614 2625 1677 Lucinae

342 1738 824 1799 invocationem
905 1736 981 1798 ab
1052 1738 1259 1798 Attica
1325 1736 1652 1798 comoedia
1732 1735 2072 1818 profectam
2150 1753 2312 1796 esse.
2426 1734 2626 1816 Atqui

345 1856 593 1916 scimus
658 1854 1085 1916 Athenienses
1151 1859 1468 1918 matronas
1525 1855 1634 1917 nbi
1698 1874 1780 1917 ex
1840 1859 2022 1938 partu
2083 1853 2453 1918 laborabant
2496 1873 2624 1917 non

334 1971 556 2058 ”Ηραν,
623 1973 732 2034 sed
787 1967 1058 2058 Ἄρτεμιν
1122 1973 1465 2036 Εἰλείθυιαν
1523 1976 1912 2058 implorasse.
2021 1973 2142 2037 Sed
2194 1975 2269 2037 ad
2319 1974 2625 2036 Andriam

349 2093 634 2158 Terentii
689 2093 826 2172 (ΙΙΙ,
876 2094 930 2173 1,
981 2094 1105 2174 15),
1150 2093 1262 2156 ubi
1311 2096 1461 2157 item
1509 2095 1722 2176 puella
1768 2095 2128 2175 parturiens
2178 2098 2321 2175 post
2368 2112 2623 2156 scenam

348 2214 703 2277 exclamat:
772 2212 975 2293 „Iuno
1023 2212 1285 2293 Luc-ina,
1331 2216 1423 2275 fer
1470 2232 1675 2295 opem,
1721 2232 1904 2275 serva
1949 2232 2071 2293 me,
2118 2212 2437 2292 obsecro“‚
2499 2210 2626 2274 Do-

353 2338 543 2396 natus
588 2333 873 2396 adnotat:
923 2331 1099 2413 „Hoc
1142 2336 1322 2395 extra
1365 2336 1555 2395 etiam
1589 2333 1752 2396 hanc
1782 2335 2160 2413 potestatem
2190 2331 2423 2394 Iunoni
2459 2334 2627 2395 attri-

353 2454 603 2533 buitur3
670 2473 1034 2537 quanquam
1100 2454 1271 2516 illam
1318 2452 1667 2516 Menander
1710 2450 1985 2515 Dianam
2034 2453 2369 2533 appellet“.
2460 2451 2624 2528 Quid

354 2576 598 2658 igitur?
688 2574 918 2637 Nonne
988 2576 1128 2636 lnce
1198 2575 1427 2637 clarius
1497 2578 1594 2636 est
1656 2571 1953 2636 Plautum
2012 2593 2269 2655 quoque
2325 2573 2456 2635 illic
2512 2592 2625 2655 pro

355 2694 594 2756 Graeco
639 2696 761 2756 ritu
809 2691 1172 2757 Romanum
1218 2696 1329 2776 qui
1373 2695 1434 2755 ei
1478 2694 1888 2776 responderet
1934 2692 2359 2755 exhibuisse?

525 2813 702 2876 Idem
748 2815 1026 2896 denique
1068 2815 1474 2876 statuendum
1521 2822 1616 2876 est
1667 2815 1744 2877 de
1791 2815 1885 2875 eis
1929 2814 2085 2874 locis
2134 2812 2366 2893 quibus
2397 2813 2625 2875 domus

353 2935 760 3016 familiaeque
819 2934 1078 2995 deorum
1123 2932 1394 2995 Larum
1440 2937 1509 2995 et
1555 2932 1920 2996 Penatum
1961 2932 2049 2993 .fit
2092 2934 2621 2995 commemoratio,

356 3052 640 3127 Quorum
669 3054 941 3136 primum
974 3055 1231 3115 nomino
1256 3052 1621 3116 Mercatoris
1647 3054 1818 3116 illam
1844 3071 2100 3114 scenam
2126 3051 2270 3131 (830
2297 3050 2485 3132 sqq),
2516 3049 2626 3112 ubi

354 3174 734 3257 adulescens
798 3173 1109 3236 Charinus
1159 3174 1447 3253 ancillae,
1516 3175 1700 3235 cuius
1765 3174 2011 3254 copiam
2069 3170 2299 3234 habere
2353 3192 2389 3233 a
2453 3174 2626 3253 patre

352 3292 1035 3375 pr011ibet11r‚2111felioi
1101 3313 1314 3356 amore
1363 3294 1438 3355 ad
1487 3294 1993 3376 desperationem
2038 3292 2345 3354 adductus
2390 3293 2626 3372 tragico

359 3412 634 3493 quodam
698 3414 942 3493 impetu
1000 3413 1296 3474 valedicit
1353 3411 1618 3475 aedibus
1664 3412 1943 3495 paternis
1988 3412 2336 3493 patriisque
2383 3412 2628 3490 penati-

356 3531 510 3594 bus:
576 3531 720 3612 „Dc‘
758 3541 1007 3612 penates
1062 3553 1256 3593 meum
1293 3543 1635 3611 parentum,
1690 3531 1970 3614 familiai
2012 3529 2149 3591 Lar
2191 3540 2393 3609 pater,
2459 3528 2628 3590 Vobis

355 3652 598 3723 mando,
668 3673 860 3711 meum
908 3663 1229 3731 parentum
1276 3673 1404 3712 rem
1449 3653 1588 3713 bene
1632 3662 1696 3711 ut
1737 3650 2018 3711 tutemz'ni.
2110 3649 2249 3729 1690
2292 3647 2440 3709 milei
2480 3647 2629 3710 alios

354 3772 494 3832 deos
524 3772 761 3851 penatis
794 3792 1149 3853 persequar,
1197 3771 1383 3832 alimn
1433 3770 1678 3844 Larem,
1728 3770 1933 3831 Aliam
1981 3769 2206 3842 <er-rbem,
2256 3768 2441 3829 allam
2486 3768 2627 3829 civi-

351 3901 551 3964 tatem,
597 3892 671 3951 ab
715 3891 925 3951 Atticis
971 3890 1323 3952 abhorreo“.
1416 3891 1798 3953 Graecorum
1859 3890 2052 3952 moris
2095 3889 2317 3968 fuisse,
2364 3892 2432 3950 ut
2474 3886 2626 3950 deos

351 4013 588 4094 patrios
634 4015 697 4072 et
741 4010 1119 4072 domesticos
1181 4003 1387 4085 (θεοὺς
1430 3998 1742 4092 πατρῴους
1786 4010 1847 4070 et
1892 4005 2226 4089 ἐφεστίους)
2286 4005 2632 4067 salutarent

353 4132 556 4212 patria
601 4131 945 4210 decessuri,
1019 4132 1081 4191 et
1146 4148 1231 4190 ex
1296 4128 1618 4210 tragoedia
1682 4132 1743 4189 et
1795 4147 1880 4189 ex
1936 4125 2261 4189 comoedia
2316 4123 2627 4205 exemplis

353 4252 564 4334 potest
602 4248 872 4332 probari.
962 4249 1174 4311 Velim
1222 4249 1592 4310 memoriam
1642 4245 1763 4309 sibi
1811 4246 1956 4328 quis
2002 4248 2257 4307 revocet
2301 4242 2626 4323 Polynicis

355 4373 426 4432 in
458 4368 778 4451 Euripidis
809 4366 1200 4448 Phoenissis,
1248 4369 1358 4450 qui
1405 4389 1442 4430 a
1486 4366 1672 4431 fratre
1713 4369 1782 4429 in
1829 4366 2098 4429 exilium
2146 4366 2383 4428 eiectus
2419 4364 2628 4445 queri-
