3028 4990
1306 278 1684 338 -8-

532 463 618 526 Ut
659 463 778 526 hae
825 463 988 525 duae
1032 460 1285 524 fabulae
1329 480 1476 524 cum
1525 460 1821 541 VeneriS,
1861 462 1948 523 ita
1991 458 2420 537 CurculiO,
2465 431 2633 539 quae

361 582 665 666 Epidauri
719 584 926 664 agitur
977 581 1077 661 (cf.
1125 581 1264 642 341.
1312 582 1454 644 429.
1501 582 1670 662 562),
1732 599 1880 643 cum
1923 580 2267 661 Aesculapi
2330 578 2503 640 cultu
2561 577 2630 637 in

361 702 495 790 hac*
537 700 692 764 urbe
754 698 1163 763 celeberrimo
1209 701 1549 763 coniuncta
1592 702 1690 762 est
1729 703 1918 781 atque
1957 718 2267 761 connexa.
2355 695 2523 759 Nam
2560 697 2632 757 in
2737 753 2738 756 ,

360 821 506 883 fano
552 822 692 883 eius
739 820 862 902 dei,
922 819 1090 902 quod
1133 819 1200 880 in
1249 838 1440 882 scena
1490 821 1670 882 iuxta
1715 818 1903 881 aedes
1949 816 2337 900 Cappadocis
2379 816 2633 878 lenonis

362 939 754 1020 conspicitur
797 938 897 1018 (cf.
958 939 1038 999 14
1085 956 1180 1020 sq.
1227 938 1326 999 62.
1377 940 1520 1001 204.
1570 941 1691 1003 216
1738 943 1879 1019 sq.),
1932 937 2076 998 leno
2122 939 2416 1019 aegrotus
2457 935 2629 1016 (220.

364 1057 505 1119 231.
547 1058 689 1119 236.
726 1059 872 1138 240)
917 1076 1032 1139 per
1074 1061 1323 1121 noctem
1354 1056 1700 1136 incubavit,
1738 1060 1808 1119 ut
1838 1056 1916 1118 de
1950 1057 2340 1119 somniorum
2373 1056 2634 1119 monitis

363 1176 778 1258 aegritudinis
824 1177 1105 1240 remedia
1151 1181 1510 1259 capesseret
1551 1177 1646 1257 (cf.
1695 1176 1770 1237 61
1822 1194 1916 1258 sq.
1967 1176 2089 1237 216
2137 1194 2273 1258 sqq.
2324 1176 2445 1237 246
2492 1195 2631 1259 sqq.

365 1296 488 1357 260
521 1314 658 1377 sqq.
706 1296 829 1357 270
862 1315 998 1379 sqq.
1048 1297 1211 1375 699).
1303 1296 1355 1358 Ε
1404 1296 1549 1359 fano
1596 1315 1894 1379 egressus
1945 1315 2131 1359 servo
2160 1294 2483 1378 Palinuro,
2524 1299 2637 1379 qui

366 1416 615 1478 somnia
673 1433 742 1477 se
804 1415 1034 1478 melius
1101 1418 1493 1498 interpretari
1552 1434 1744 1497 posse
1790 1435 1982 1498 quam
2027 1416 2201 1497 ipsos
2244 1417 2635 1479 coniectores

363 1536 851 1615 (cf.'excursum
892 1532 999 1614 II.)
1057 1533 1399 1617 profitetur,
1464 1535 1616 1618 quid
1685 1537 1753 1597 in
1797 1536 2037 1617 templo
2092 1535 2413 1600 dormiens
2468 1554 2636 1598 som-

368 1656 640 1729 niaverit
694 1656 1062 1744 narraturus
1122 1658 1238 1735 est,
1295 1655 1401 1717 1119
1466 1661 1678 1717 91119111
1742 1643 2001 1717 avocato
2066 1656 2387 1718 somnium
2445 1673 2639 1718 suum

361 1775 549 1837 refert
605 1774 683 1837 ad
728 1793 1006 1856 coquum
1052 1775 1191 1835 eius
1235 1793 1639 1856 conservum,
1693 1776 1804 1857 qui
1849 1776 2168 1856 praesagit
2224 1776 2283 1836 ei
2327 1794 2633 1857 magnum

365 1895 609 1958 malum
665 1893 765 1974 (cf.
817 1895 1154 1976 245-73).
1204 1930 1285 1940 -
1344 1893 1617 1958 Ineunte
1662 1899 1806 1956 actu
1850 1893 1961 1955 III.
2006 1892 2330 1974 Lyconem
2371 1895 2639 1976 trapezi-

361 2016 492 2076 tam
538 2016 683 2095 post
726 2033 784 2074 V.
823 2012 944 2075 383
991 2049 1070 2058 -
1117 2033 1266 2075 nam
1310 2014 1551 2096 priores
1594 2034 1697 2074 vv.
1742 2014 2032 2076 371—83
2071 2015 2238 2076 inter
2285 2033 2355 2077 se
2400 2014 2639 2077 discre-

359 2136 586 2215 pantes
636 2132 990 2214 plenosque
1038 2132 1465 2195 offensionum
1516 2135 1935 2197 retractatoris
1981 2109 2123 2195 9999
2170 2136 2359 2215 atque
2400 2136 2469 2195 in
2512 2135 2641 2215 pri-

365 2254 532 2314 stina
571 2250 1067 2314 conformatione
1099 2251 1421 2332 Lyconem
1460 2254 1915 2335 pronuntiasse
1947 2253 2294 2334 Aesculapi
2338 2251 2638 2334 precibus

364 2370 643 2435 adeundi
698 2371 1037 2434 consilium
1095 2391 1240 2434 cum
1285 2370 1678 2453 Kiesslingio
1725 2371 1842 2433 hac
1886 2372 1964 2434 de
2007 2391 2075 2433 re
2119 2374 2189 2434 in
2234 2372 2465 2435 scholis
2513 2372 2640 2434 dis·

367 2493 615 2554 serente
655 2492 937 2554 maxime
982 2493 1311 2555 consentio
1356 2528 1437 2537 -
1481 2494 1549 2556 in
1598 2510 1792 2554 scena
1836 2495 1979 2556 ante
2026 2493 2244 2556 fanum
2293 2491 2643 2574 Aesculapi

366 2613 724 2672 versantem
786 2610 889 2689 dei
949 2628 1166 2691 pacem
1227 2613 1489 2672 tacitum
1549 2617 1847 2694 expetere
1894 2612 2195 2675 docemur
2240 2607 2639 2675 Curculionis

366 2748 513 2792 eum
561 2730 1013 2810 conspicientis
1057 2729 1547 2811 interrogatione
1594 2732 1742 2813 (389
1776 2734 1896 2814 sq.)
1939 2731 2131 2808 „Quis
2175 2731 2266 2792 la‘c
2310 2742 2391 2792 est
2434 2741 2638 2811 operto

366 2849 559 2928 capite
617 2850 723 2932 qui
786 2849 1205 2931 Aesculapium
1265 2849 1504 2912 Salutat
1519 2850 1592 2911 .?“
1698 2850 1903 2927 Quem
1960 2871 2222 2914 versum
2285 2870 2367 2912 ex
2428 2851 2638 2912 Attico

370 2966 620 3030 fabulae
686 2970 981 3051 exemplo
1038 2970 1114 3032 ad
1168 2968 1436 3033 Verbum
1482 2972 1856 3034 translatum
1906 2991 2048 3034 esse
2094 2975 2311 3034 contra
2356 2990 2640 3034 commu-

365 3105 515 3149 nem
575 3089 941 3170 opinionem
1006 3089 1159 3150 mihi
1224 3091 1514 3170 persuasi
1576 3090 1692 3153 hac
1745 3091 2255 3153 ratiocinatione:
2322 3087 2639 3163 Quoniam

365 3208 668 3287 trapezita
726 3211 943 3269 mutus
1002 3210 1070 3268 in
1133 3227 1328 3270 scena
1372 3208 1594 3289 adstat,
1641 3228 1789 3272 cum
1832 3213 2113 3272 cernitur
2157 3230 2195 3271 a
2238 3208 2640 3289 Curculione,

366 3345 630 3391 necesse
684 3328 803 3389 fuit
865 3347 1013 3389 eum
1071 3345 1155 3387 ex
1212 3325 1435 3389 habitu
1472 3305 1603 3389 'suo
1669 3331 1966 3410 cognosci
2029 3332 2409 3410 precantem.
2497 3325 2640 3390 Hoc

365 3445 535 3527 apud
579 3443 876 3508 Plautum
916 3446 987 3508 fit
1032 3446 1348 3510 velatione
1394 3448 1639 3528 capitiS,
1685 3467 1809 3529 quo
1855 3450 1978 3510 ritu
2025 3445 2301 3510 Romani
2340 3445 2639 3509 omnibus

365 3566 462 3628 dis
510 3568 795 3647 exceptis
844 3564 1113 3628 Saturno
1161 3565 1440 3628 Hercule
1485 3565 1747 3629 Honore
1791 3586 1921 3628 19111
1969 3567 2251 3629 divinam
2304 3565 2638 3649 faciebant,

366 3687 439 3748 cf.
503 3684 1020 3767 Becker-Marqu.
1066 3685 1179 3767 IV,
1233 3706 1289 3768 p.
1339 3686 1480 3746 466.
1587 3683 1826 3759 Quodsi
1890 3688 2068 3750 aliter
2123 3688 2403 3750 Graecus
2457 3690 2642 3769 poeta

365 3805 645 3886 Lyconis
716 3805 1155 3868 condicionem
1231 3805 1592 3888 legentibus
1669 3825 1783 3869 seu
1857 3804 2265 3869 audientibus
2343 3808 2639 3870 denotare

364 3925 695 4005 voluisset,
759 3944 889 3986 una
944 3925 1099 3987 haec
1165 3927 1224 3987 ei
1285 3925 1537 4007 patebat
1595 3928 1720 4006 via,
1792 3931 1860 3988 ut
1914 3924 2239 4006 Lyconem
2285 3945 2516 3989 manus
2561 3925 2635 3988 ad

367 4043 614 4105 caelum
681 4043 1005 4106 tollentem
1070 4044 1337 4107 faceret:
1406 4045 1507 4107 1119
1574 4047 1743 4107 9111111
1805 4044 1969 4127 apud
2020 4045 2292 4108 Graecos
2356 4045 2638 4129 vulgaris

368 4164 655 4224 omnium
702 4166 831 4226 erat
874 4167 1092 4245 gestus
1139 4163 1373 4226 orandi.
1464 4162 1587 4225 Sed
1631 4167 1768 4225 tum
1817 4164 2056 4227 nullam
2085 4165 2347 4227 invenio
2380 4183 2637 4227 causam

364 4280 780 4364 probabilem,
840 4301 953 4344 cur
1009 4281 1274 4345 Plautus
1335 4282 1413 4345 ab
1474 4284 1770 4366 exemplo
1832 4302 1948 4345 suo
2003 4302 2376 4347 recessurus
2431 4284 2639 4364 fuerit,
