3028 4990
1311 317 1731 378 ...13-

387 497 756 560 comoediae
796 501 1199 580 pertinuisse.
1240 538 1321 549 —-
1352 499 1628 564 Perinde
1666 500 1912 583 Dianae
1959 500 2217 583 quidem
2261 499 2474 562 cultus
2518 518 2665 580 pro-

384 618 518 699 prie
578 615 857 680 Graecus
906 618 1159 682 obviam
1205 624 1303 682 est
1343 618 1536 683 Bach.
1608 621 1729 682 306
1777 639 1912 703 sqq.
2006 616 2179 700 „Nos
2220 628 2371 698 aput
2429 617 2662 680 Theoti-

385 756 550 794 mum
607 756 775 796 omne
831 759 1046 798 aucum
1105 739 1498 819 deposivimus
1513 740 1540 813 ,⁴
1598 738 1719 816 Qui
1775 737 1894 800 illic
1951 738 2225 798 sacerdos
2279 748 2360 798 est
2417 737 2664 800 Dianae

388 853 706 933 Ephesiae.
768 890 848 902 —-
896 856 1017 933 Qui
1066 858 1194 919 istic
1272 856 1672 918 Theotimum?
1733 894 1812 905 —-—
1858 856 2233 939 Meqalobusi
2270 857 2475 941 filius,
2546 856 2667 934 Qui

382 993 538 1032 uum
582 973 645 1033 in
702 974 1001 1055 Ephesost
1055 977 1339 1058 Ephesiis
1401 978 1760 1039 carissumus
1813 1024 1827 1038 .
1847 1025 1862 1038 .
1891 1025 1905 1037 .
1964 978 2028 1037 in
2089 997 2262 1057 eapse
2320 978 2466 1039 aede
2521 977 2664 1040 deae

386 1090 632 1154 Dianae
674 1095 1028 1157 condituras&
1043 1120 1062 1156 .-
1126 1097 1367 1157 Ibidem
1420 1097 1755 1178 puplicitus
1815 1105 2115 1159 servant&
2201 1096 2506 1181 Legimus
2559 1098 2661 1160 hic

383 1213 679 1275 concredi
734 1217 1075 1296 pecuniam
1121 1236 1204 1279 ex
1251 1216 1487 1279 Graeco
1543 1235 1719 1279 more
1765 1218 1918 1281 satis
1962 1225 2110 1280 noto
2157 1217 2257 1299 (cl.
2305 1214 2657 1279 Hermann.

381 1331 419 1392 l.
471 1352 521 1398 c.
571 1333 609 1414 ἓ
657 1335 715 1413 9,
763 1335 827 1415 5)
872 1334 1116 1399 Dianae
1161 1335 1476 1418 Ephesiae
1522 1336 1808 1419 aedituo⁸,
1852 1339 1955 1399 cui
1999 1337 2220 1420 generi
2263 1336 2659 1399 sacerdotum

381 1471 618 1514 nomen
662 1444 1011 1537 Μεγάβυζοι
1063 1457 1264 1517 fuisse
1318 1456 1579 1519 aliunde
1625 1457 1951 1539 cognitum
2019 1459 2116 1517 est
2163 1456 2261 1537 (cf.
2313 1454 2511 1522 Strab.
2561 1456 2660 1537 14,

387 1573 443 1653 1,
490 1573 588 1633 23.
636 1570 801 1635 Plin.
847 1572 928 1635 H.
952 1573 1029 1636 N.
1068 1575 1168 1656 35,
1203 1575 1302 1655 10,
1334 1576 1433 1637 93.
1477 1574 1758 1655 Hesych.
1808 1592 1858 1635 S.
1897 1576 1997 1651 v.).
2086 1574 2300 1655 Atque
2349 1576 2657 1641 habemus

378 1693 801 1776 fragmentum
849 1695 989 1756 eius
1033 1693 1283 1757 fabulae
1330 1714 1522 1777 quam
1555 1694 1976 1758 Bacchidibus
2007 1693 2273 1758 Plautus
2320 1698 2656 1779 expressit,

384 1813 720 1877 Menandri
777 1811 876 1883 Δὶς
920 1802 1376 1894 ἐξαπατῶντος,
1443 1817 1612 1899 quod
1657 1835 1805 1878 cum
1854 1818 2068 1879 nostro
2124 1815 2264 1878 loco
2323 1817 2658 1880 manifesto

384 1934 696 2016 cohaeret,
756 1936 818 2015 4,
867 1933 1008 2014 105,
1070 1931 1183 1994 III.
1250 1933 1378 2013 „Ot'a
1452 1926 1955 2018 Μεγαλόβυζος*)
2034 1928 2123 2014 ἦν,
2166 1941 2174 2017 Ι
2215 1932 2379 2008 ὅστις
2422 1935 2658 2020 γένοιτο

381 2043 703 2139 ζακόρος;“
749 2054 935 2117 Unde
974 2054 1184 2117 elucet
1226 2057 1294 2116 in
1326 2057 1536 2118 Attica
1566 2055 1895 2118 comoedia
1923 2054 2314 2118 Nicobulum
2359 2073 2443 2117 ex
2474 2075 2658 2119 servo

383 2174 903 2257 mendacissimO,
978 2177 1089 2257 qui
1146 2174 1364 2237 fictum
1427 2174 1726 2237 videlicet
1784 2194 2018 2238 nomen
2082 2175 2330 2238 dixerat
2395 2173 2658 2257 ,Theoti-

378 2294 565 2374 mus‘,
611 2296 1030 2376 quaesivisse,
1077 2314 1292 2358 nonne
1337 2293 1786 2377 Megalobyzos
1832 2300 2003 2359 esset
2046 2293 2293 2358 Dianae
2337 2295 2654 2378 Ephesiae

379 2413 693 2493 sacerdOS,
728 2416 960 2498 quippe
1005 2435 1152 2504 cum
1199 2435 1328 2477 non
1374 2417 1693 2498 ignoraret
1722 2414 1785 2476 id
1828 2432 2036 2497 genus
2074 2414 2363 2478 aedituos
2407 2417 2657 2500 proprie

381 2534 474 2594 sic
508 2534 753 2612 vocari3
787 2553 1067 2618 eumque
1114 2537 1519 2599 cavillantem
1549 2534 1959 2616 respondisse
1991 2554 2123 2596 non
2148 2533 2656 2617 Megalobyzum,

380 2652 494 2714 sed
546 2651 942 2735 Megalobyzi
1001 2654 1204 2718 filium
1251 2654 1686 2737 Theotimum,
1748 2654 1917 2736 quod
1963 2655 2464 2718 Atheniensibus
2525 2676 2656 2719 non

379 2774 582 2855 potuit
632 2774 835 2834 risum
895 2794 1324 2841 nommovere
1438 2774 1675 2858 quibus
1743 2775 1884 2836 sine
1948 2772 2142 2836 dubio
2197 2779 2420 2839 notum
2487 2779 2658 2838 esset

1347 2827 1360 2857 Ἰ

380 2891 708 2956 eunuchos
755 2912 898 2957 esse
945 2894 1328 2978 Megabyzos
1372 2896 1470 2976 (cf.
1520 2895 1716 2958 Strab.
1771 2894 1809 2954 l.
1866 2913 1917 2955 c.
1967 2892 2187 2978 ,,ἱερέας
2231 2885 2288 2955 δ’
2344 2886 2657 2981 εὐνούχους

386 3009 563 3097 εἶχον,
613 3010 711 3086 οὓς
755 3005 1009 3075 ἐκάλουν
1049 3005 1597 3100 Μεγαλοβύζουςῑί).
1687 3014 1896 3082 Plauti
1939 3025 2150 3082 autem
2184 3019 2499 3098 versione,
2546 3017 2656 3098 qui

380 3151 600 3196 senem
649 3135 1015 3217 simpliciter
1057 3138 1550 3218 interrogantem
1589 3135 1766 3199 facit:
1813 3137 1981 3215 „Qui
2028 3139 2156 3201 istic
2215 3136 2654 3201 Theotim.ust?“

380 3271 646 3315 acumen
693 3255 814 3315 ioci
838 3275 1222 3339 magnopere
1266 3257 1665 3339 infringitur3
1711 3277 1860 3320 nam
1905 3258 2159 3322 difficile
2186 3264 2284 3323 est
2309 3258 2655 3338 intellectu,

380 3396 505 3458 qua
547 3376 625 3438 de
671 3395 863 3439 causa
909 3396 1109 3439 senex
1151 3377 1269 3438 hoc
1337 3380 1599 3459 quaerat
1637 3397 1756 3440 nec
1803 3382 1956 3442 satis
2001 3380 2226 3444 habeat
2271 3379 2655 3461 comperisse

379 3514 526 3559 eum
575 3495 823 3558 Dianae
869 3495 1185 3577 Ephesiae
1227 3513 1371 3559 esse
1421 3498 1828 3561 sacerdotem.

514 3739 568 3804 *)
624 3737 713 3790 Ita
766 3737 906 3789 enim
961 3735 1298 3789 scribendum
1357 3738 1486 3803 puto
1542 3753 1636 3804 pro
1698 3737 1901 3790 tradita
1954 3738 2223 3805 scriptura
2279 3729 2649 3803 ,,Μεγάβυζος“.
2738 3793 2744 3798 ,

377 3826 499 3879 Etsi
549 3824 690 3878 enim
735 3826 961 3891 utraque
1023 3822 1254 3875 nominis
1310 3822 1480 3875 forma
1535 3823 1663 3876 alibi
1716 3825 1927 3876 servata
1985 3827 2067 3876 est
2117 3824 2236 3888 (illa
2271 3823 2476 3889 legitur
2511 3820 2654 3890 apud

383 3911 622 3964 Plinium
668 3913 723 3962 et
764 3909 1094 3975 Hesychium
1130 3908 1184 3960 11.
1224 3910 1328 3974 cc.)
1351 3950 1362 3971 ,
1420 3912 1602 3962 tamen
1638 3910 1782 3961 haud
1819 3908 1928 3961 scio
1966 3925 2032 3960 an
2071 3908 2155 3960 his
2193 3909 2407 3978 quidem
2447 3908 2651 3961 duobus

378 3998 506 4050 locis
553 3997 711 4049 lectio
764 3995 1109 4063 adaequanda
1157 3995 1245 4047 sit.
1319 3996 1460 4048 Nam
1516 3999 1797 4064 utramque
1847 3995 2072 4047 formam
2124 3993 2322 4048 Plauto
2378 3994 2651 4061 cognitam

376 4084 539 4136 fuisse
596 4083 816 4136 minime
871 4083 1150 4143 credibile;
1207 4099 1432 4150 cumque
1483 4082 1628 4150 apud
1680 4081 2030 4135 Menandrum
2088 4081 2203 4134 sine
2260 4080 2420 4134 metri
2456 4080 2650 4132 damno

376 4173 546 4225 altera
581 4170 746 4238 recipi
783 4170 987 4238 possit,
1044 4170 1185 4238 apud
1222 4169 1478 4222 Plautum
1518 4169 1658 4221 idem
1696 4169 1810 4237 sine
1849 4184 2028 4219 versus
2067 4168 2366 4220 mutatione
2401 4167 2517 4218 fieri
2557 4181 2648 4218 ne-

377 4261 554 4325 queat,
592 4258 965 4324 corrigendum
1005 4257 1159 4309 credo
1195 4256 1557 4323 fragmentum
1592 4255 1669 4313 Δὶς
1707 4253 2055 4315 ἐξαπατῶντας.
