3028 4990
1312 338 1732 400 ..39-

370 521 503 585 Scd
535 523 689 585 haec
717 522 1073 605 explicatiO,
1119 523 1369 584 etiamsi
1411 521 1835 585 concedamus
1869 540 2008 584 eam
2040 541 2151 605 per
2176 521 2646 604 grammaticam

367 642 687 703 rationem
749 644 913 704 stare
979 659 1168 723 posse
1223 677 1303 686 —
1356 661 1746 724 quamquam
1815 639 2099 702 dativum
2173 640 2286 722 qui
2352 640 2650 721 exprimit

370 764 698 824 auctorem
761 779 878 844 ego
948 759 1207 842 quidem
1271 760 1494 842 ignoro
1557 796 1635 806 --
1692 763 1904 821 tamen
1968 760 2280 821 sermonis
2345 761 2648 822 contextu

368 878 756 963 prohibetur.
829 877 993 953 Quid
1042 880 1235 959 enim,
1276 879 1329 939 si
1378 876 1669 959 „Cererffl
1720 878 1762 939 l.
1793 896 1843 939 c.
1886 877 2320 960 intellegimus
2368 875 2649 958 „Cereris

372 999 680 1062 mandatu
727 1018 797 1061 ac
842 998 1161 1081 sumptu“,
1205 1001 1338 1059 tum
1389 994 1730 1078 Staphylae
1765 997 1874 1060 illa
1912 998 2318 1079 interrogatio
2354 995 2477 1059 sibi
2514 996 2653 1058 vult

370 1122 521 1201 post
574 1136 833 1183 versum
909 1119 1023 1180 351
1098 1115 1507 1197 „Meqadorus
1573 1116 1738 1175 iussit
1795 1114 2083 1177 Euclioni
2154 1115 2294 1177 haec
2357 1114 2648 1187 mittere‚“

374 1257 507 1319 quo
552 1238 738 1320 plane
780 1241 844 1300 et
884 1237 1159 1299 dilucide
1189 1237 1245 1298 is
1279 1237 1388 1316 qui
1430 1253 1549 1298 suo
1586 1236 1912 1317 impendio
1948 1237 2205 1318 nuptias
2234 1239 2650 1318 apparaturus

372 1357 464 1418 sit
505 1355 884 1438 Megadorus
928 1356 1212 1419 dicatur?
1287 1354 1497 1430 Quare
1537 1375 1666 1417 non
1713 1373 2056 1437 possumus
2103 1356 2281 1437 quin,
2348 1373 2512 1435 quae
2556 1356 2654 1416 est

372 1476 853 1556 simplicissima
905 1479 967 1539 et
1020 1475 1205 1538 credo
1271 1474 1504 1555 cuique
1564 1475 1861 1556 proxima
1922 1476 2374 1557 interpretatiO,
2425 1475 2651 1557 ipsane

371 1592 567 1658 Ceres
624 1596 878 1677 nuptias
932 1595 1173 1658 factura
1232 1596 1314 1656 sit
1375 1594 1746 1675 Staphylam
1781 1580 2158 1676 =cogitemus
2213 1598 2646 1677 quaerentem.

369 1712 498 1775 Rei
554 1713 894 1776 ridiculum
955 1718 1019 1776 et
1073 1714 1127 1775 si
1186 1714 1285 1775 vis
1347 1714 1591 1795 ineptia
1650 1718 1785 1775 tum
1846 1715 1912 1775 in
1960 1732 2035 1776 eo
2080 1715 2290 1796 posita
2341 1717 2438 1776 est
2483 1713 2650 1795 quod

373 1831 590 1912 CereS,
653 1852 843 1914 quam
909 1833 1294 1896 matrimonii
1356 1835 1687 1914 patronam
1741 1833 2025 1895 venerati
2091 1836 2240 1895 sunt
2304 1832 2526 1895 Graeci
2592 1836 2654 1895 et

371 1949 671 2033 Romani,
704 1952 805 2015 hic
837 1950 1097 2034 fingitur
1126 1971 1292 2015 nova
1323 1961 1539 2034 nupta.
1589 1950 1824 2014 Restat
1853 1957 2065 2015 tamen
2094 1970 2266 2014 unus
2295 1950 2654 2034 scrupulus,

376 2072 551 2134 unde
610 2072 756 2155 fiat,
824 2077 894 2135 ut
949 2071 1192 2134 Cereris
1244 2072 1504 2155 nuptiae
1549 2074 1855 2153 putentur
1914 2074 2053 2135 sine
2102 2074 2255 2134 vino
2307 2068 2654 2132 celebrari?

374 2191 709 2255 Verumne
755 2197 872 2273 est,
921 2192 1087 2275 quod
1118 2190 1477 2254 Macrobius
1508 2190 1678 2271 dicit,
1711 2190 1920 2255 Cereri
1950 2192 2135 2254 libari
2167 2193 2319 2253 vino
2353 2189 2652 2252 omnibus

377 2312 576 2372 sacris
606 2312 852 2374 vetari?
896 2311 1191 2389 Minime3
1239 2313 1433 2374 immo
1479 2312 1548 2372 in
1593 2310 1709 2372 hoc
1755 2314 2002 2396 oportet
2042 2329 2159 2373 nos
2200 2309 2392 2372 fidem
2423 2307 2654 2371 habere

378 2428 602 2492 Servio
675 2432 935 2515 neganti
1005 2431 1065 2492 id
1127 2430 1601 2515 pontificalibus
1679 2430 1856 2492 libris
1929 2432 2145 2493 vetari.
2253 2428 2417 2492 Nam
2497 2427 2646 2491 Cato

380 2550 460 2611 de
505 2569 572 2612 re
617 2555 769 2613 rust.
804 2551 924 2613 134
971 2571 1133 2632 quae
1181 2552 1258 2614 de
1302 2571 1486 2634 porca
1517 2550 1932 2633 praecidanea
1962 2554 2106 2613 ante
2140 2550 2404 2613 messim
2443 2549 2656 2613 Cereri

380 2668 765 2731 immolanda
795 2670 1104 2752 agricolae
1134 2669 1239 2732 dat
1266 2673 1603 2753 praecepta
1633 2669 1730 2731 his
1761 2667 1970 2731 verbis
2002 2667 2351 2730 concludit:
2390 2665 2657 2748 „Postea

382 2787 596 2850 Cereri
657 2792 805 2850 exta
854 2793 917 2851 et
978 2790 1202 2852 vinum
1262 2790 1468 2871 dato“,
1527 2789 1637 2852 ubi
1701 2788 2131 2871 intellegenda
2185 2791 2352 2849 certe
2406 2789 2657 2848 vetusta

380 2905 813 2970 Romanorum
862 2908 995 2971 dea.
1089 2907 1319 2972 Contra
1365 2909 1640 2972 Graecos
1687 2907 1895 2970 Cereri
1936 2908 2196 2969 omnino
2249 2926 2376 2969 non
2421 2906 2656 2974 libasse

383 3029 533 3091 vino
599 3031 779 3091 testis
839 3032 934 3091 est
992 3027 1261 3109 Dionys.
1319 3026 1524 3092 Halic.
1574 3030 1649 3090 A.
1698 3026 1772 3089 R.
1819 3026 1868 3108 Ι,
1915 3027 1995 3087 33
2051 3017 2400 3112 ,,ἱδρύσαντο
2445 3018 2515 3087 δὲ
2558 3027 2658 3086 καὶ

381 3138 693 3233 Δήμητρος
733 3139 898 3234 ἱερόν,
945 3150 1046 3210 καὶ
1074 3142 1186 3220 τὰς
1215 3148 1427 3221 θυσίας
1457 3146 1611 3228 αὐτῇ
1645 3140 1746 3208 διὰ
1777 3151 2074 3233 γυναικῶν
2102 3168 2171 3208 τε
2208 3148 2309 3208 καὶ
2338 3145 2658 3231 νηφαλίους

381 3271 624 3345 ἔθυσαν,
692 3261 773 3340 ὡς
813 3264 1082 3334 Ἕλλησι
1139 3257 1372 3351 νόμος.“
1459 3267 1649 3330 Unde
1710 3266 1980 3329 efficitur
2024 3264 2350 3329 Romanos
2418 3265 2494 3328 ab
2562 3268 2656 3328 eis

381 3391 627 3451 tantum
682 3387 929 3450 Cereris
990 3389 1186 3450 sacris
1244 3397 1408 3471 quae
1466 3388 1547 3451 de
1614 3388 1876 3451 Graecia
1939 3389 2266 3468 assumpta
2334 3389 2514 3449 erant
2575 3422 2654 3429 -·-

382 3527 653 3591 quorum
716 3507 1027 3591 quaedam
1084 3511 1263 3571 erant
1316 3509 1765 3591 antiquissima
1822 3544 1905 3554 --
1960 3506 2199 3569 Gracco
2258 3507 2383 3567 ritu
2431 3505 2657 3567 vinum

383 3628 610 3692 abesse
653 3628 747 3691 fas
794 3627 1111 3691 habuisse.
1152 3631 1157 3635 ’
1206 3626 1540 3702 Quodcum
1581 3629 1761 3689 iocus
1807 3627 1913 3689 ille
1956 3627 2325 3690 Aululariae
2372 3625 2449 3688 ad
2495 3625 2659 3687 hanc

388 3749 589 3811 solam
658 3747 921 3830 quadret
975 3749 1340 3829 opinionem
1395 3747 1691 3810 Cererem
1750 3749 2009 3809 omnino
2054 3746 2120 3806 in
2176 3746 2371 3807 sacris
2431 3746 2658 3807 vinum

383 3866 738 3949 abhorrere,
783 3870 1244 3931 consectarium
1294 3872 1391 3930 cst
1421 3888 1569 3931 eum
1602 3888 1680 3929 cx
1723 3869 1930 3930 Attica
1968 3864 2294 3928 comoedia
2319 3864 2658 3927 devenisse

385 3989 455 4049 in
498 3989 836 4071 palliatam.

559 4108 693 4171 Iam
726 4108 803 4171 ad
832 4107 1171 4187 Dionysi
1200 4125 1315 4186 my
1336 4108 1526 4169 steri
1545 4127 1582 4168 a
1611 4105 2135 4189 Baccharumque
2170 4107 2344 4189 orgia
2375 4107 2660 4189 spectant

384 4228 614 4311 Amph.
683 4229 802 4290 702
869 4246 958 4310 sq.
1024 4227 1283 4301 „Etiam
1343 4237 1405 4286 ιιι
1457 4248 1686 4310 qaoque
1746 4226 2080 4287 adsentaris
2136 4224 2313 4287 huic?
2370 4262 2444 4269 —-
2498 4223 2662 4301 Quid

386 4369 538 4408 nunc
600 4347 685 4409 vis
734 4346 929 4430 fieri?
973 4382 1054 4392 —
1101 4344 1249 4407 Non
1307 4356 1369 4405 tu
1424 4346 1538 4407 scis
1593 4344 1870 4406 Bacchae
1926 4343 2237 4405 bacchanti
2294 4345 2348 4404 si
2402 4343 2486 4405 vis
2543 4343 2658 4403 ad-
