3028 4990
1245 329 1664 421 *31-†

310 523 514 574 suas“.
604 512 721 593 (lta
765 517 953 577 etiam
999 516 1067 576 in
1112 512 1425 576 Theocriti
1469 502 1958 597 Φαρμακεύτριαι
2002 510 2322 575 Simaetha
2365 509 2586 574 Lunae

316 637 526 696 narrat
570 653 852 696 amores:
915 624 1186 719 ,,Φράζεὸ
1234 654 1344 716 μευ
1388 627 1494 692 τὸν
1542 629 1745 717 ἐρωθ’,
1810 628 1955 692 ὅθεν
1997 631 2182 709 ἵκετο,
2229 621 2423 692 πότνα
2468 629 2586 691 Σε-

311 742 572 831 λάνα.)“.
658 751 937 815 Tertium
981 754 1160 815 sidus
1204 753 1550 830 ArcturuS,
1598 749 1767 832 quod
1811 749 1914 811 vel
1962 768 2045 809 ex
2091 750 2349 813 nomine
2398 755 2587 833 patet,

316 871 574 933 Graecis
611 844 763 934 solis
809 872 919 933 fuit
960 873 1234 953 insigne,
1280 875 1349 933 ut
1377 872 1643 932 minime
1676 867 1943 931 dubium
1974 870 2057 930 sit
2088 871 2240 950 quin
2273 867 2587 932 Rudentis

314 992 633 1074 prologuS,
675 1011 886 1074 quem,
933 992 1187 1074 qualem
1232 993 1404 1053 aetas
1445 990 1609 1069 tulit,
1655 988 1917 1051 Brixius
1962 990 2152 1070 praef.
2203 987 2371 1052 Trin.
2420 1010 2476 1072 p.
2506 989 2585 1051 20

313 1130 566 1174 summo
614 1113 750 1174 inre
791 1109 1015 1174 Plauto
1062 1109 1411 1189 adiudicat,
1477 1108 1775 1191 prodierit
1817 1128 1902 1171 ex
1949 1110 2207 1191 ingenio
2256 1109 2480 1171 saltem
2526 1114 2590 1171 et

311 1232 686 1293 inventione
730 1231 923 1293 Attici
970 1235 1210 1313 poetae.
1299 1227 1471 1290 Huic
1512 1230 1707 1310 igitur
1749 1228 2013 1292 debetur
2056 1230 2245 1291 etiam
2288 1230 2447 1292 mira
2476 1229 2589 1292 illa

311 1351 391 1412 de
439 1352 640 1412 stellis
685 1352 1000 1413 sententia
1025 1385 1106 1394 —-
1135 1353 1201 1411 ut
1234 1349 1485 1410 videtur
1529 1347 1741 1411 fabula
1771 1350 2093 1431 popularis
2118 1386 2192 1394 —-
2219 1350 2305 1428 (v.
2334 1349 2588 1429 6-27),

312 1488 480 1551 qnae
542 1469 841 1532 dicuntur
894 1473 1084 1532 noctu
1144 1471 1210 1531 in
1257 1468 1464 1548 caele,
1522 1469 1623 1531 die
1686 1470 1753 1530 in
1822 1473 1986 1530 terra
2032 1469 2272 1531 versari
2316 1467 2585 1551 Iovique

311 1588 467 1670 quid
521 1588 811 1650 homines
869 1594 1057 1672 agant
1124 1589 1275 1652 boni
1334 1593 1397 1650 et
1453 1589 1605 1650 mali
1659 1592 2042 1652 renuntiare.
2105 1624 2187 1634 ——
2241 1587 2295 1649 Ε
2340 1587 2587 1668 reliqua

311 1707 576 1770 deorum
607 1708 1014 1771 multitudine
1050 1709 1418 1791 praesertim
1453 1709 1578 1771 duo
1611 1709 1984 1772 nominandi
2018 1712 2186 1789 sunt,
2220 1715 2380 1790 quos
2412 1710 2621 1788 patre,

311 1827 554 1908 divino,
600 1828 845 1890 mortali
892 1832 1089 1891 matre
1118 1814 1390 1911 genitOS,
1432 1831 1498 1891 in
1532 1834 1695 1891 terra
1739 1829 1881 1909 ipsa
1911 1832 2238 1890 versantes
2267 1827 2587 1909 praeclara

307 1948 379 2008 in
425 1966 633 2029 genus
680 1947 1033 2011 humanum
1079 1948 1390 2011 beneficia
1433 1949 1780 2011 contulisse
1813 1947 2051 2010 Graeca
2090 1947 2312 2029 religio
2355 1946 2588 2025 docuit,

316 2066 838 2148 Aesculapius
901 2073 963 2128 et
1009 2066 1402 2131 Hercules.
1497 2066 1784 2142 Quorum
1838 2087 1981 2130 cum
2045 2068 2199 2129 satis
2246 2065 2463 2128 crebra
2507 2068 2588 2127 sit

307 2165 485 2266 apud
537 2184 836 2249 Plautum
887 2189 1210 2267 memoria,
1272 2188 1373 2250 hic
1416 2192 1628 2250 tamen
1675 2205 1915 2269 paucos
1969 2204 2050 2246 ex
2108 2185 2390 2248 locorum
2436 2205 2584 2248 con-

306 2308 485 2387 gerie
518 2307 694 2368 iuvat
723 2308 959 2369 afferre.
1004 2305 1101 2369 De
1132 2308 1518 2389 Aesculapio
1553 2308 1812 2390 quidem
1847 2325 2067 2385 unum,
2097 2303 2265 2368 Men.
2302 2306 2424 2368 882
2447 2325 2581 2389 sqq.

310 2423 588 2501 „Lumbi
628 2426 957 2500 sedendod,
1021 2425 1175 2487 oculi
1214 2427 1606 2508 eaepectando
1654 2426 1868 2501 dolent,
1922 2424 2226 2487 stlanendo
2270 2424 2585 2501 medicum,

307 2548 458 2607 dum
499 2569 559 2609 se
603 2570 674 2610 ea:
710 2568 885 2627 opere
927 2548 1195 2628 recipiat.
1286 2546 1542 2608 Odiosus
1585 2547 1825 2608 tandem
1868 2547 1967 2607 υἱω
2010 2547 2087 2607 ab
2130 2545 2383 2626 acyrotis
2412 2546 2582 2620 venit,

306 2668 417 2729 Ait
475 2688 534 2728 se
592 2666 874 2748 obliyasse
926 2689 1059 2727 emes
1103 2668 1380 2749 fractum
1436 2666 1815 2748 Aesculapeb,
1864 2665 2137 2747 Apollini
2177 2676 2372 2725 autem
2412 2665 2586 2727 brac-

304 2785 567 2847 chium“.
669 2784 792 2847 His
875 2786 1167 2849 versibus
1244 2785 1679 2851 Romanorum
1767 2788 2159 2850 medicorum
2226 2786 2585 2847 irrisionem

312 2908 627 2969 contineri
671 2904 857 2968 valde
904 2904 1120 2968 dubito
1164 2927 1319 2968 num
1363 2911 1532 2970 recte
1578 2890 1897 2969 censuerit
1918 2905 2246 2968 Beckerus
2296 2903 2450 2967 Gall.
2479 2903 2589 2984 11²,

314 3026 455 3088 122.
527 3026 729 3088 Immo
760 3022 1025 3087 Plautus
1070 3029 1132 3086 et
1176 3026 1330 3088 haec
1375 3029 1438 3087 et
1483 3028 1696 3088 omnia
1736 3027 1997 3107 quaein
2031 3023 2450 3106 sequentibus
2482 3024 2587 3086 de-

313 3147 602 3208 scribunt
643 3144 983 3227 gloriosam
1016 3166 1089 3208 ac
1120 3127 1530 3229 vaniloquam
1576 3146 1839 3226 medici,
1883 3146 1991 3227 qui
2037 3146 2174 3226 ipse
2218 3145 2283 3205 in
2333 3163 2586 3207 scenam

312 3266 537 3348 prodit,
585 3269 873 3328 naturam
905 3301 987 3310 —
1020 3265 1196 3327 velut
1240 3266 1407 3348 quod
1453 3267 1802 3347 aegrotanti
1848 3263 2049 3326 morbi
2095 3268 2277 3327 notas
2318 3264 2585 3327 ridicule

310 3389 715 3467 percontatus
775 3387 1080 3468 praecipit
1131 3384 1556 3465 helleborum,
1630 3403 1969 3448 commune
2022 3403 2092 3446 ac
2143 3384 2584 3466 pervulgatum

314 3505 571 3567 Graecis
616 3505 907 3567 insaniae
950 3506 1341 3587 remedium,
1384 3507 1459 3568 cf.
1506 3508 1694 3568 Arist.
1751 3506 1939 3587 Vesp.
1990 3506 2151 3567 1489
2196 3522 2341 3565 cum
2389 3503 2580 3565 schol.

312 3624 585 3706 Alciphr.
640 3622 756 3703 111,
801 3625 838 3685 2
887 3660 966 3669 -
1014 3674 1027 3705 ,
1087 3626 1379 3707 exemplo
1426 3644 1544 3687 suo
1590 3624 1820 3688 debere
1860 3624 2184 3706 putandus
2228 3627 2340 3685 est.
2433 3621 2587 3697 Qui-

311 3761 589 3824 cumque
657 3743 827 3805 enim
897 3743 1172 3826 aliquem
1243 3747 1628 3809 comicorum
1700 3765 1889 3809 usum
1971 3743 2182 3824 habet,
2260 3745 2585 3826 cognitum

310 3868 507 3944 tenet,
552 3883 743 3945 quam
790 3862 1034 3925 acerbis
1079 3865 1321 3927 facetiis
1365 3866 1458 3928 illi
1502 3869 1781 3929 medicos
1824 3871 1895 3928 ut
1939 3865 2318 3945 vaniloquos
2365 3867 2426 3925 et
2467 3864 2585 3925 cir-

314 3983 627 4045 culatores
683 3983 1010 4045 irriserint.
1102 3983 1235 4045 Iam
1300 3987 1762 4068 Aristophanes
1805 3986 1971 4049 Nub.
2032 3987 2152 4047 332
2216 3987 2382 4047 int-er
2418 3985 2585 4048 frau-

314 4104 561 4166 datores
620 4109 681 4165 et
732 4096 1029 4178 ἀλαζόνας
1099 4111 1427 4169 enumerat
1498 4105 1910 4192 ἰατροτέχνας,
1978 4124 2186 4189 neque
2249 4107 2315 4167 in
2381 4123 2584 4167 novae

315 4223 677 4287 comoediae
743 4223 1109 4307 fragmentis
1181 4246 1357 4289 rarae
1442 4233 1593 4289 sunt
1675 4246 1893 4288 eorum
1971 4227 2404 4302 cavillationes
2481 4226 2579 4306 (cf.

316 4341 387 4404 Ο.
419 4341 724 4426 Ribbeck,
772 4343 927 4406 iiber
957 4343 1077 4406 den
1114 4344 1446 4410 Charactcr
1488 4347 1601 4409 des
1645 4347 1912 4428 Alazon,
1959 4346 2137 4409 1881.
2172 4368 2229 4430 p.
2261 4347 2378 4409 153
2396 4347 2583 4429 sqq),
