3028 4990
1275 403 1691 463 -73-„

793 1170 1375 1282 Sententiae
1452 1177 2193 1330 controversae.

287 1598 295 1606 ·
357 1565 407 1623 1.
502 1560 700 1624 Plaut.
747 1561 929 1643 Epid.
978 1564 1181 1642 spurii
1229 1567 1380 1624 sunt
1423 1582 1653 1625 versus
1703 1534 2069 1625 loo—108:

568 1670 1172 1761 „Praeter'aetatem
1220 1683 1282 1743 et
1329 1685 1627 1744 virtutem
1673 1681 1905 1743 stiiltus
1952 1700 2021 1744 es
2067 1679 2532 1763 Stratippocles,

535 1800 720 1864 Idne
764 1802 963 1882 pudet
1007 1808 1088 1881 te,
1133 1807 1283 1884 quia
1329 1804 1642 1885 captivam
1687 1803 1922 1883 genere
1967 1804 2342 1883 prognatam
2386 1800 2553 1863 bono

484 1960 493 1969 ·
564 1920 661 1982 De
706 1921 955 2002 praeda'
961 1940 991 1983 s
1036 1923 1396 1983 mercatus?
1445 1923 1590 2022 quis
1619 1923 1734 1983 erit
1766 1924 1920 1984 vitio
1955 1923 2064 2004 qui
2099 1922 2159 1983 id
2192 1923 2394 1983 vortat
2422 1921 2619 1983 tibitff‘

355 2043 455 2102 2.
504 2039 702 2103 Plaut.
748 2038 918 2102 Trin
965 2042 1087 2124 832
1149 2017 1557 2104 scribendum
1621 2044 1741 2103 est:
1811 2059 2091 2124 „apsque
2144 2046 2204 2102 te
2255 2041 2449 2102 foiets'
2511 2060 2621 2122 pro

570 2161 859 2223 codicum
903 2179 1180 2243 „apsque
1226 2161 1384 2222 foret
1427 2164 1527 2222 te“
1550 2184 1563 2238 3
1613 2161 1781 2223 unde
1831 2165 2086 2244 apparet
2129 2164 2398 2222 metrum
2430 2163 2622 2223 totius

572 2270 801 2343 scenae
869 2299 1010 2342 esse
1076 2282 1498 2362 trochaicum,
1567 2301 1730 2362 non,
1801 2287 1868 2343 ut
1938 2282 2195 2363 quidam
2260 2282 2622 2362 voluerunt,

568 2402 1057 2482 anapaestioum.

356 2520 408 2580 3.
499 2511 683 2583 Falso
745 2521 841 2582 W.
903 2521 1212 2585 Christius
1285 2522 1492 2603 „iiber
1560 2522 1680 2583 den
1752 2526 1907 2582 wert
1973 2522 2084 2585 des
2153 2543 2458 2587 nummus
2521 2524 2622 2586 bei

567 2640 867 2723 Plautus‘4
918 2641 1340 2722 (Fleckeiseni
1388 2664 1534 2706 ann.
1589 2640 1847 2724 18681)
1900 2663 1958 2724 p.
2007 2643 2125 2703 347
2176 2645 2393 2706 statuit
2437 2643 2624 2707 Plau-

563 2765 697 2820 tum
746 2780 1081 2823 nummum
1129 2762 1529 2845 significasse
1559 2759 1721 2823 Rud.
1759 2763 1918 2824 1406
1949 2739 2399 2826 ⁴didrachmum
2433 2765 2623 2845 Aegi-

567 2898 800 2941 naeum
850 2884 911 2939 et
954 2879 1136 2942 Most.
1186 2883 1303 2942 347
1354 2882 1420 2943 L.
1469 2882 1727 2943 obolum
1775 2884 2194 2964 Aeginaeum.

244 2985 249 2990 Φ
351 3001 408 3058 4.
497 2996 572 3059 In
607 3002 902 3080 excerpto
940 3019 1023 3061 ox
1059 2999 1360 3063 Suetonio
1402 3002 1530 3085 περὶ
1575 3005 1973 3086 βλασφημιῶν
2018 3002 2116 3061 καὶ
2159 2993 2352 3063 πόθεν
2396 2992 2621 3070 ἑκάστη

567 3122 684 3199 (ap.
733 3116 963 3199 Miller.
1012 3108 1339 3203 Melanges
1385 3122 1462 3183 de
1496 3122 1844 3184 litterature
1876 3140 2174 3204 greoque‚
2220 3120 2399 3184 Paris
2437 3121 2621 3198 1868)

561 3258 620 3319 p.
671 3239 794 3299 413
839 3260 896 3300 v.
943 3242 982 3301 4
1031 3259 1143 3322 pro
1193 3232 1470 3312 συνήθως
1516 3243 1625 3320 (ita
1669 3241 1870 3322 codd.)
1917 3241 2058 3324 lege
2108 3241 2431 3314 συνθέτως.

354 3361 406 3418 5.
495 3360 729 3420 Ascon.
778 3361 845 3421 in
891 3358 1108 3422 Milon.
1155 3382 1211 3443 p.
1259 3363 1360 3442 27,
1410 3362 1521 3440 163
1580 3363 1681 3442 28,
1728 3361 1837 3439 21,
1897 3363 1998 3444 32,
2042 3363 2121 3423 25
2176 3381 2286 3444 pro
2331 3362 2623 3424 codicum

566 3483 855 3560 „postera
902 3480 1041 3541 die“
1090 3470 1497 3545 scribendum
1545 3487 1642 3543 est
1687 3486 1982 3563 ⁷,postero
2030 3482 2188 3543 die“.
