3028 4990
1251 342 1730 408 ·-5-

286 524 297 531 ⁹
408 534 582 598 Pers.
632 533 864 597 Pseud.
911 530 1100 594 Stich.
1146 529 1367 613 Trin.²,
1426 533 1884 616 discipulorum
1945 534 2086 596 eius
2148 533 2390 614 Goetzi‚
2449 531 2681 612 Loewi,

406 655 683 719 Schoelli
725 655 795 716 in
840 652 1020 736 Epid.
1070 650 1246 715 Cure.
1296 653 1480 716 Asin.
1509 653 1657 715 Aul.
1693 650 1875 719 Truc.
1907 653 2140 735 Amph.
2174 650 2416 734 Merc.²,
2460 651 2681 716 Fleck-

406 775 611 837 eiscni
670 775 736 835 in
805 771 976 853 Capt.
1041 774 1103 833 et
1156 769 1344 853 Rud„
1400 771 1646 835 Weisi²
1705 774 1774 834 in
1827 771 1968 836 Cas.
2024 771 2173 835 Cist.
2236 771 2434 835 Poen.
2495 772 2706 867 frgm.x

408 896 520 971 (sc.
570 911 697 954 non
744 891 1049 972 neglectis
1093 889 1297 973 Brixi,
1340 890 1628 973 Lorenzi,
1677 891 1944 975 Ussingi
1987 890 2421 974 editionibus).

1382 1143 1582 1251 Cap.
1647 1148 1707 1226 I.

1436 1344 1473 1424 s
1524 1345 1554 1405 1
1600 1364 1652 1407 a.
1731 1291 1738 1298 ’

577 1495 1001 1558 Enarraturus
1044 1497 1239 1578 igitur
1284 1515 1449 1579 quae
1493 1516 1641 1560 cum
1687 1499 2081 1582 argumentis
2112 1496 2468 1560 fabularum
2501 1496 2680 1557 artis·

406 1618 570 1678 simo
616 1615 872 1678 vinculo
925 1617 1305 1679 coniunctae
1357 1617 1513 1678 mihi
1566 1617 1898 1680 videantur
1939 1637 2041 1680 res
2090 1635 2303 1681 sacrae
2350 1614 2681 1678 Plautinae

404 1736 659 1798 initium
723 1721 972 1798 sumam
1019 1756 1055 1798 a
1097 1735 1330 1798 fabulis
1373 1737 1637 1800 deorum
1682 1738 1854 1801 cultu
1902 1738 2183 1800 maxime
2227 1737 2517 1799 omnium
2561 1736 2679 1797 im-

404 1854 577 1918 butis
618 1860 807 1937 atque
849 1855 1104 1938 repletis
1149 1852 1525 1919 Rudente
1570 1861 1644 1920 et
1689 1857 1840 1920 Poe
1858 1856 2063 1919 nulo,
2155 1857 2369 1938 Atque
2399 1855 2509 1918 illa
2540 1857 2680 1938 qui-

408 1977 553 2038 dem
618 1977 826 2058 agitur
880 1974 1146 2055 Cyrenis
1205 1975 1301 2055 (cf.
1351 1976 1429 2037 36
1478 1994 1571 2059 sq.
1623 1977 1721 2038 61.
1773 1977 1915 2039 615.
1966 1977 2088 2038 713
2136 1995 2228 2059 sq.
2284 1974 2471 2055 1138)
2532 1977 2679 2037 ante

408 2093 678 2159 Veneris
738 2093 979 2176 fanum,
1046 2095 1214 2177 quod
1259 2097 1326 2157 in
1373 2114 1565 2158 scena
1610 2096 1996 2180 conspicitur
2049 2113 2415 2179 magnoque
2460 2097 2558 2157 est
2600 2095 2679 2157 ad

408 2217 724 2279 actionem
753 2214 1005 2277 fabulae
1037 2219 1359 2278 momento
1389 2217 1780 2296 (nominatur
1810 2218 1893 2280 94
1924 2234 2017 2299 sq.
2055 2216 2175 2277 128
2207 2233 2345 2297 sqq.
2380 2215 2502 2277 253
2535 2232 2675 2298 sqq.

411 2336 538 2398 270
584 2354 721 2417 sqq.
789 2333 911 2395 283
959 2351 1096 2415 sqq.
1157 2333 1300 2395 305.
1355 2335 1493 2397 308.
1563 2336 1703 2398 331.
1770 2335 1911 2398 386.
1956 2335 2099 2396 454.
2151 2334 2289 2397 560.
2345 2334 2484 2396 564.
2536 2335 2675 2398 570.

412 2456 553 2519 586.
616 2455 755 2517 613.
807 2453 950 2516 622.
999 2453 1140 2516 644.
1190 2453 1328 2517 689.
1381 2454 1521 2517 697.
1576 2455 1713 2519 706.
1766 2454 1904 2516 723.
1956 2453 2100 2515 822.
2150 2453 2292 2517 840.
2341 2455 2482 2518 849.
2532 2455 2673 2518 865.

415 2575 593 2639 1065.
647 2575 809 2636 1133
857 2575 1041 2656 sqq).
1148 2571 1246 2635 Ibi
1307 2576 1480 2636 enim
1542 2573 1792 2638 Labrax
1853 2576 2001 2638 leno
2058 2592 2194 2637 rem
2256 2573 2540 2637 divinam
2609 2594 2679 2638 se

408 2696 717 2758 facturum
766 2693 1085 2776 pollicitus
1114 2691 1563 2776 Plesidippum
1608 2695 2081 2758 adulescentem
2126 2694 2205 2759 ad
2234 2712 2458 2757 cenam
2492 2697 2681 2758 sacri·

408 2816 657 2879 ficalem
709 2814 962 2878 vocavit
1017 2816 1120 2892 (94
1171 2832 1262 2896 sq.
1328 2815 1446 2876 128
1493 2833 1630 2898 sqq.
1688 2816 1806 2877 142
1852 2833 1944 2897 sq.
1997 2815 2117 2876 342
2165 2832 2302 2897 sqq.
2351 2815 2476 2877 864
2520 2817 2677 2899 sq.);

410 2937 644 3000 ibidem
689 2955 864 2999 sacra
907 2933 1181 2995 facturos
1223 2931 1611 3014 DaemoneS,
1655 2935 1767 3015 qui
1807 2934 1873 2995 in
1918 2933 2071 2995 villa
2111 2935 2404 3016 proxima
2446 2936 2680 3018 templo

413 3056 681 3136 habitat,
747 3053 1157 3135 conqueritur
1211 3052 1360 3133 (133
1407 3055 1572 3136 sqq.)
1638 3054 1808 3137 quod
1868 3074 2143 3135 „semper
2181 3064 2396 3134 petunt
2439 3054 2684 3138 Aquam

409 3176 544 3238 hinc
587 3186 691 3236 ant
733 3176 927 3255 iynem
970 3183 1075 3233 aut
1118 3173 1356 3234 vascula
1398 3184 1502 3234 ant
1545 3174 1799 3235 cultrum
1843 3183 1947 3234 aut
1983 3194 2123 3235 veru
2167 3172 2290 3234 Aut
2332 3173 2539 3235 aulam
2579 3195 2682 3236 ea:-

411 3307 601 3357 tarem
621 3296 675 3375 *)
729 3305 832 3355 ant.
886 3293 1185 3376 aliqwiffl.
1273 3293 1376 3356 Ex
1438 3294 1661 3358 eodem
1712 3294 1858 3357 fano
1915 3292 2121 3376 prodit
2162 3292 2529 3376 Ampelisca
2573 3314 2685 3357 an-

412 3416 556 3478 cilla
621 3434 766 3477 cum
836 3436 1064 3488 „sacra
1132 3435 1287 3474 urna
1369 3412 1681 3485 Veneris&
1751 3415 1820 3474 ut
1888 3431 2119 3495 aquam
2186 3411 2436 3475 hauriat
2499 3414 2685 3476 iussu
2764 3469 2771 3475 .

415 3534 755 3599 sacerdotis
800 3534 898 3614 (cf.
951 3534 1067 3595 331
1105 3552 1242 3616 sqq.
1289 3534 1430 3595 404.
1475 3533 1620 3595 412.
1660 3532 1802 3593 433.
1852 3531 1976 3593 473
2013 3532 2203 3614 sqq.);
2251 3543 2506 3593 nameo
2537 3548 2685 3592 cum

414 3656 670 3718 domina
717 3672 835 3716 sua
879 3655 1206 3716 meretrice
1247 3673 1282 3716 e
1327 3652 1657 3735 naufragio
1690 3657 1936 3716 servata
1964 3653 2250 3735 confugit
2280 3650 2685 3732 Venerisque

415 3777 732 3838 antistitae
793 3773 941 3853 (258
989 3791 1124 3856 sqq.
1183 3774 1305 3835 283
1351 3793 1488 3857 sqq.
1549 3773 1689 3836 329.
1749 3773 1889 3835 350.
1952 3772 2093 3834 404.
2146 3771 2288 3832 433.
2347 3770 2489 3831 447.
2539 3769 2683 3832 624.
2721 3771 2746 3794 ·

556 4029 614 4094 ²³⁴)
664 4024 820 4089 Quod
866 4042 954 4077 vas
1007 4026 1235 4079 fortasse
1284 4026 1477 4094 aliquis
1514 4025 1842 4078 revocaverit
1878 4023 1946 4077 ad
1981 4023 2381 4092 haruspicinam
2422 4023 2690 4076 Romano-

416 4132 551 4178 rum,
603 4130 735 4182 qnos
789 4115 1006 4165 constat
1057 4116 1181 4165 exta
1231 4112 1543 4181 priusquam
1581 4112 1910 4179 porricerent
1946 4110 2002 4163 in
2038 4110 2162 4163 aula
2203 4113 2357 4163 cocta
2396 4110 2689 4173 observare,

418 4202 484 4255 cf.
525 4198 1164 4267 Marquardt-Mommsen
1201 4198 1295 4251 VI.
1336 4214 1385 4266 p.
1430 4197 1555 4258 177;
1606 4196 1700 4250 sed
1746 4198 1867 4249 aula
1921 4196 2119 4249 extaris
2168 4212 2262 4264 per
2311 4212 2367 4248 se
2419 4196 2495 4248 nil
2546 4194 2693 4248 aliud

418 4287 691 4355 significat
738 4286 842 4339 nisi
894 4286 1069 4338 aulam
1123 4284 1179 4336 in
1228 4300 1388 4351 quam
1440 4286 1563 4336 exta
1609 4282 1677 4336 ad
1724 4284 1963 4350 quemvis
2004 4299 2175 4345 usum,
2227 4299 2271 4335 e.
2311 4298 2364 4349 g.
2403 4280 2472 4334 ad
2506 4297 2691 4334 cenam

418 4373 767 4427 sacrificalem
804 4372 1113 4440 parandam,
1153 4370 1464 4425 condantur.
