3028 4990
1247 297 1775 357 —47-.

315 483 461 563 γοῦν
504 470 752 558 εἰκάσαι,
807 479 1141 564 anteum&
1247 480 1389 545 Hoc
1431 485 1557 545 tam
1606 483 1730 545 seri
1778 484 2101 564 scriptoris
2137 486 2581 548 *testimonium

314 619 444 661 non
490 600 762 662 multum
806 601 1066 683 valeret,
1111 603 1235 663 nisi
1287 600 1607 664 firmatum
1650 606 1821 674 essct
1852 606 2066 665 nostra
2096 607 2296 666 aetate
2325 604 2393 665 in
2427 623 2581 687 pen-

313 720 527 782 insula
553 718 945 803 Phanagoria
994 721 1325 802 (adversus
1357 722 1695 803 antiquum
1726 720 2242 804 Panticapaeum)
2288 723 2580 804 sepulcro

312 840 480 900 tertii
544 860 598 900 a.
645 838 784 901 Chr.
846 840 1085 902 saeculi
1142 841 1406 920 detecte,
1465 860 1592 923 quo
1636 841 1774 903 loco
1821 845 1883 902 et
1926 842 2131 921 fovea,
2194 833 2410 925 βόθρος
2474 842 2581 904 1110

311 956 597 1038 Luciani,
657 959 733 1021 ad
778 960 1000 1021 vinum
1070 959 1535 1023 infundendum
1600 964 1660 1022 et
1719 961 2091 1023 animalium
2149 980 2581 1044 cenarumque

311 1076 782 1140 combustarum
846 1079 1154 1161 reliquiae
1222 1083 1510 1161 repertae
1570 1084 1741 1161 sunt,
1806 1081 1879 1142 cs.
1929 1080 2250 1163 Stephani,
2319 1079 2580 1163 Oomptc

311 1197 554 1259 rendue
610 1216 770 1279 pour
824 1198 1079 1261 l’annee
1146 1200 1305 1261 1864
1371 1221 1429 1282 p.
1481 1199 1640 1260 VIII
1698 1203 1759 1262 et
1813 1200 1973 1262 1865
2037 1220 2098 1282 p.
2142 1201 2178 1261 6
2227 1219 2364 1284 sqq.
2456 1200 2580 1263 His

311 1316 710 1379 documentis
757 1317 901 1380 addi
946 1322 1155 1401 potest
1195 1318 1357 1382 Plin.
1399 1319 1480 1381 H.
1530 1319 1607 1382 N.
1656 1318 1811 1400 XX,
1862 1321 1959 1400 11,
2006 1321 2124 1382 113
2185 1320 2408 1401 „ambo
2464 1322 2579 1402 (30.

310 1436 702 1520 Chrysippus
749 1442 810 1499 et
846 1436 1201 1518 Dionysius
1247 1439 1492 1521 dicunt)
1540 1443 1836 1502 neutrum
1884 1443 1989 1520 (sc.
2034 1458 2151 1501 nec
2186 1459 2424 1503 marem
2463 1459 2580 1503 nec

307 1557 610 1620 feminam
655 1558 896 1640 apium)
941 1558 1019 1620 ad
1065 1557 1241 1620 cibos
1290 1559 1772 1639 admittendum,
1832 1560 2027 1621 immo
2075 1563 2335 1623 omnino
2384 1561 2581 1641 nefaS,

309 1697 590 1760 namque
653 1676 716 1739 id
767 1676 1207 1741 defunctorum
1274 1679 1481 1760 epulis
1549 1676 1852 1741 feralibus
1907 1678 2183 1741 dicat-um
2249 1677 2455 1758 esse“,
2520 1682 2582 1738 et

307 1795 621 1860 Plutarch.
670 1783 723 1858 t.
754 1796 809 1857 V
876 1817 934 1879 p.
983 1797 1103 1859 881
1177 1800 1404 1878 ,ῥοικεν
1466 1791 1497 1857 ὁ
1566 1801 1691 1857 τῶν
1758 1788 2133 1883 φιλαργύρων
2191 1797 2312 1877 βίος
2377 1803 2580 1882 νεκροῦ

310 1907 545 1994 δείπνῳ·
606 1906 803 1976 πάντα
854 1910 966 2001 γὰρ
1023 1919 1180 2001 ἔχων
1226 1911 1331 1978 τὸν
1373 1908 1932 2002 εὐφρανθησὸμενον
1979 1914 2087 1978 οὐκ
2130 1919 2312 2000 ἔχειιι.
2402 1914 2579 1990 Quae

306 2055 456 2098 cum
502 2037 587 2097 ita
637 2037 783 2117 sint,
829 2037 1368 2099 verisimillimum
1414 2040 1513 2099 est
1543 2040 1605 2099 et
1636 2036 1908 2100 Graecos
1942 2042 2003 2099 et
2033 2035 2356 2099 Romanos
2390 2039 2579 2099 nonis

310 2175 565 2239 quoque
609 2159 751 2239 post
798 2156 1022 2219 funera
1068 2156 1293 2219 diebus
1339 2158 1605 2218 mortuis
1651 2175 1871 2218 cenam
1918 2159 1982 2218 in
2032 2157 2339 2239 sepulcris
2386 2176 2580 2239 appo-

309 2278 538 2341 suisse.
652 2273 888 2338 Tamen
965 2274 1246 2338 Plautini
1317 2275 1471 2357 loci,
1561 2275 1732 2338 unde
1809 2276 1931 2338 11110
2011 2276 2424 2356 devenimus,
2513 2278 2580 2338 ni

306 2395 588 2458 fallimur
696 2396 806 2478 pro
909 2392 1132 2458 Graeci
1245 2396 1437 2457 moris
1534 2395 1933 2458 documentis
2034 2395 2307 2458 habendi
2408 2400 2574 2457 sunt.

309 2514 627 2589 Quoniam
664 2517 872 2578 ‚enim
939 2517 1157 2597 coqui>
1198 2518 1263 2578 in
1322 2513 1628 2608 Pseudoli
1681 2517 1816 2579 1000
1875 2535 1922 2578 3.
1969 2536 2016 2578 s.
2074 2520 2331 2598 totaque
2388 2534 2580 2578 scena

307 2637 647 2718 descriptio
717 2635 1113 2717 lepidissima
1180 2635 1366 2717 plane
1435 2636 1779 2717 respondet
1850 2637 1943 2697 eis
2016 2635 2251 2717 quibus
2306 2637 2580 2699 Atticam

305 2757 699 2819 comoediam
723 2756 787 2818 id
812 2774 1018 2839 genus
1051 2756 1379 2818 hominum
1408 2758 1755 2839 castigasse
1785 2756 2155 2839 fragmentis
2188 2758 2582 2839 compertum

308 2876 620 2941 habemus
682 2876 781 2957 (cf.
830 2875 1095 2939 Lorenz.
1145 2874 1621 2958 praefi'Pseud.
1668 2896 1726 2958 p.
1781 2878 1858 2937 12
1906 2877 2094 2958 sqq),
2157 2895 2284 2938 non
2329 2879 2424 2938 est
2468 2893 2582 2937 cur

310 3000 454 3061 illos
513 3016 761 3078 versuS,
815 2998 925 3079 qui
979 2997 1131 3058 satis
1175 2996 1403 3057 festive
1448 3014 1661 3077 neque
1708 2996 1953 3058 insulse
1998 2997 2187 3077 coqui
2231 2986 2581 3068 ἀλαζονείαν

305 3117 584 3180 illudunt
628 3117 866 3199 (neque
911 3115 1062 3177 inde
1093 3116 1468 3178 Aululariae
1511 3115 1689 3178 loeus
1726 3116 1934 3184 dirimi
1966 3117 2214 3196 potest),
2256 3134 2339 3177 ex
2372 3113 2580 3179 Plauti

304 3238 478 3300 fonte
545 3236 818 3299 fluxisse
889 3254 1216 3318 negemus.
1332 3233 1578 3309 Quodsi
1654 3237 1720 3297 in
1794 3234 2041 3298 duabus
2112 3233 2342 3297 fabulis
2410 3236 2579 3300 idem

305 3358 487 3419 iocus
552 3357 902 3435 invenitur,
961 3355 1110 3418 inde
1161 3357 1279 3417 tria
1338 3357 1590 3436 possint
1635 3355 1874 3437 colligi:
1942 3360 2052 3417 aut
2094 3355 2461 3419 Aululariae
2519 3359 2582 3419 et

312 3467 611 3540 Pseudoli
671 3476 1061 3559 exemplaria
1119 3474 1407 3538 eiusdem
1453 3494 1596 3538 esse
1642 3477 1864 3558 poetae
1911 3480 2020 3537 aut
2064 3475 2322 3537 alterius
2368 3479 2579 3537 aucto-

305 3618 439 3661 rem
485 3598 752 3661 alterum
796 3597 1164 3677 respexisse
1209 3598 1319 3658 aut
1360 3594 1707 3677 utrumque
1738 3596 1802 3656 in
1837 3598 2048 3657 animo
2082 3593 2381 3656 habuisse
2411 3597 2577 3656 tertii

306 3716 643 3779 cuiusdam
673 3718 899 3779 comici
930 3715 1007 3778 de
1043 3734 1246 3797 coquo
1278 3714 1617 3776 nundinali
1661 3704 1961 3800 (μάγειρος
1992 3715 2261 3786 ἐναταῖος
2281 3716 2332 3794 P)
2377 3715 2576 3778 facete

306 3837 569 3918 dictum,
630 3837 797 3919 quod
863 3837 1047 3918 quasi
1110 3837 1175 3896 in
1240 3833 1648 3918 proverbium
1704 3833 1982 3896 abiisset.
2071 3834 2236 3897 Nam
2299 3855 2367 3897 re
2423 3855 2575 3899 vera

306 3956 581 4020 Graecos
649 3968 873 4018 cenam
942 3954 1388 4018 novendialem
1452 3973 1564 4037 per
1617 3955 1875 4018 viliores
1938 3974 2176 4036 coquos
2231 3955 2574 4037 parandam

306 4096 564 4140 curasse
635 4078 779 4159 quis
848 4076 1101 4151 credat?
1192 4073 1593 4160 Quamquam
1661 4072 1868 4137 Plauti
1937 4073 2127 4137 verba
2194 4073 2300 4148 „in
2355 4096 2575 4135 nonum

307 4197 464 4257 diem
511 4196 705 4258 Solet
748 4197 835 4257 ire
880 4204 1145 4257 coctum“
1189 4196 1254 4257 id
1298 4197 1598 4261 videntur
1641 4195 1939 4259 indicare.
2017 4195 2135 4259 Sed
2167 4195 2384 4258 dubito
2417 4216 2571 4259 num

303 4314 572 4379 Plautus
616 4318 755 4398 ipse
796 4316 916 4379 hoc
958 4316 1094 4378 1000
1137 4317 1503 4400 exemplum
1545 4336 1738 4380 31111111
1768 4320 1935 4380 recte
1966 4317 2367 4379 intellexerit.
2441 4314 2574 4378 Sal-
