3028 4990
1330 289 1748 352 „64-

569 469 797 534 Itidem
840 470 1104 537 Plautus
1148 494 1259 556 pro
1301 473 1542 538 Graeca
1602 493 1670 537 re
1715 472 2073 538 Romanam
2110 474 2472 538 instituisse
2518 476 2672 539 mihi

402 592 654 656 videtur
710 591 880 655 Trin.
944 594 1025 656 83
1087 614 1223 678 sqq.
1302 592 1513 676 „Nam
1576 617 1732 656 nunc
1785 616 1886 676 090
1945 595 1999 655 si
2055 605 2108 656 te
2170 597 2675 677 surrupuisse

400 713 664 794 mospicer
708 712 756 772 Ι
753 733 786 773 0
802 711 874 773 vi
915 734 945 772 0
963 734 1272 774 oronam
1320 714 1392 775 de
1432 715 1624 796 capite
1666 684 1738 777 eze
1783 713 2100 795 Capitolzb,
2148 713 2270 791 Qui
2295 715 2359 775 in
2390 715 2676 778 columine

401 842 556 894 astat
581 833 868 894 εηιτηπηο.α
903 837 966 896 et
992 831 1162 895 Men.
1196 835 1313 897 941
1353 833 1474 914 „At
1513 855 1615 915 eye
1644 844 1697 894 te
1724 855 1959 894 samam
1990 855 2272 896 coronam
2300 835 2676 915 surrupuisse

401 953 558 1016 Iovis
598 952 774 1013 8οἰ0.“
863 949 1003 1014 Ηο0
1047 954 1215 1014 enim
1263 951 1406 1015 ficto
1451 954 1731 1035 ingentis
1775 954 1998 1036 culpae
2030 954 2346 1017 admissae
2380 954 2672 1036 exemplo

401 1072 568 1136 haud
614 1073 701 1134 ita
743 1071 991 1154 vulgari
1040 1072 1206 1154 quod
1251 1073 1318 1134 in
1364 1070 1613 1134 duabus
1655 1069 1887 1135 fabulis
1934 1075 2149 1156 utitur,
2196 1074 2417 1136 nullus
2457 1072 2673 1136 dubito

404 1197 558 1281 quin
631 1192 972 1256 reddiderit
1041 1191 1288 1254 facinus
1361 1191 1617 1274 aliquod
1696 1213 1733 1255 a
1791 1192 2049 1255 Graecis
2126 1193 2319 1256 rebus
2385 1195 2675 1273 petitum,

404 1314 575 1397 quod
614 1315 678 1375 in
712 1313 919 1375 Attica
950 1311 1277 1374 comoedia
1306 1314 1491 1393 quasi
1521 1311 1927 1394 proverbium
1950 1312 2267 1377 ferebatur
2297 1314 2372 1376 ad
2396 1316 2676 1376 immane

403 1434 613 1496 scelus
670 1430 1179 1515 significandum.
1276 1430 1358 1493 Ut
1415 1432 1876 1513 sycophantae,
1941 1434 2054 1515 qui
2098 1435 2341 1496 crimen
2387 1434 2674 1517 capitale,

403 1573 528 1637 quo
592 1552 844 1615 nullum
887 1550 1090 1633 possit
1134 1551 1393 1633 gravius
1439 1553 1732 1633 cogitari,
1796 1553 1985 1615 alicui
2035 1555 2261 1617 volunt
2303 1556 2678 1637 impingere,

400 1673 681 1737 minitari
741 1671 948 1733 solent
1007 1690 1076 1733 se
1133 1669 1210 1732 ad
1255 1672 1663 1752 magistratus
1709 1671 1889 1735 illum
1935 1673 2251 1737 delaturos
2295 1693 2458 1755 esse,
2526 1677 2677 1757 quia

403 1795 699 1858 moliatur
757 1794 1010 1855 navalia
1070 1790 1414 1853 incendere
1461 1792 1799 1875 (ἐμπρῆσαι.
1824 1783 2105 1878 νεώριον),
2151 1793 2223 1855 cf.
2276 1796 2465 1857 Arist.
2520 1796 2672 1857 Ach.

403 1913 527 1977 914
560 1889 695 1997 sqq.
731 1913 1012 1993 Alciphr.
1047 1910 1097 1992 Ι,
1124 1911 1225 1991 32,
1259 1928 1448 1992 quem
1482 1910 1561 1971 ad
1593 1910 1804 1973 locum
1835 1932 1891 1972 v.
1930 1911 2151 1975 Seileri
2184 1914 2673 1977 adnotationem.

573 2031 764 2096 Haud
806 2032 929 2095 alia
969 2036 1066 2094 est
1110 2032 1266 2093 ratio
1313 2027 1483 2111 Capt.
1513 2029 1635 2090 616
1664 2047 1757 2111 sq.
1805 2027 2036 2105 „Nunc
2076 2054 2178 2115 090
2208 2035 2445 2095 omnino
2474 2035 2679 2117 occidi,

405 2153 588 2216 Nunc
641 2175 743 2235 eqo
797 2154 997 2214 inter
1065 2171 1374 2210 sacrum
1433 2171 1853 2233 saxumque
1918 2161 2033 2212 sto
2088 2173 2191 2213 neo
2243 2153 2391 2237 quid
2436 2153 2680 2237 faciam

402 2273 652 2335 nescio.“
742 2270 1105 2335 Romanum
1152 2287 1306 2331 sane
1353 2269 1765 2351 proverbium
1808 2271 1961 2352 fuit,
2018 2272 2188 2353 quod
2234 2272 2355 2335 sub
2400 2270 2680 2353 Tyndari

405 2412 680 2475 persona
741 2391 1006 2454 Plautus
1062 2391 1162 2452 hic
1227 2388 1486 2451 exhibet
1563 2390 1658 2472 (cf.
1728 2390 1970 2474 Brix.):
2049 2393 2162 2454 sed
2226 2394 2370 2475 quis
2438 2391 2682 2456 dubitat

407 2515 663 2577 Graecis
709 2514 908 2576 101880
957 2513 1191 2575 similia
1232 2509 1522 2573 eiusdem
1568 2514 1919 2574 sententiae
1962 2513 2303 2595 adagia?*)

575 2633 902 2702 Postremo
948 2633 1137 2694 etiam
1182 2630 1310 2692 Mil.
1348 2630 1471 2692 690
1505 2649 1641 2714 sqq.
1679 2629 2239 2714 Periplecomenus
2276 2632 2386 2694 ubi
2418 2635 2682 2715 castigat

407 2755 748 2817 mulierum
796 2756 1234 2835 sumptuosam
1285 2750 1631 2833 luxuriam,
1695 2772 1804 2834 pro
1851 2751 2306 2814 Matronalibus
2375 2759 2438 2816 et
2480 2751 2681 2827 Quin—

409 2872 740 2957 quatribus
788 2873 1013 2955 quidni
1056 2873 1258 2954 possit
1318 2872 1384 2933 iu
1435 2873 1646 2933 Attico
1693 2873 2047 2954 exemplari
2091 2873 2251 2935 alios
2301 2873 2437 2935 dies
2482 2874 2680 2935 festos

408 2993 805 3074 exhibuisse,
839 2992 1073 3075 quibus
1102 2998 1423 3056 matronae
1448 2990 1724 3054 Graecae
1751 2993 1992 3054 maritis
2018 2991 2297 3054 facerent
2314 2993 2679 3075 impendia?

579 3313 700 3378 His
747 3317 942 3399 igitur
986 3336 1149 3399 quae
1205 3317 1627 3380 disseruimus
1673 3355 1751 3362 —
1802 3320 1869 3380 ut
1925 3319 1990 3378 in
2046 3317 2174 3379 fine
2237 3317 2681 3398 disputationis

409 3439 661 3499 nostrae
696 3455 1014 3499 summam
1044 3436 1350 3499 faciamus
1383 3473 1464 3481 —
1494 3439 1898 3520 potissimum
1942 3439 2219 3499 evictum
2253 3442 2348 3498 est
2381 3434 2678 3499 Plautum

413 3575 540 3619 non
590 3557 796 3619 solum
842 3559 908 3619 in
956 3558 1367 3640 argumentiS,
1414 3557 1525 3620 sed
1568 3559 1760 3620 etiam
1803 3558 1871 3618 in
1919 3556 2321 3619 sermonibus
2366 3561 2491 3647 tam
2550 3561 2682 3617 arte

409 3678 722 3760 pressisse
789 3679 1144 3740 Atticorum
1199 3671 1507 3760 vestigia,
1583 3682 1654 3739 ut
1721 3677 1797 3740 de
1864 3696 1981 3740 suo
2041 3680 2289 3760 praeter
2341 3674 2682 3737 verborum

414 3796 720 3880 quosdam
781 3798 966 3861 lusus
1029 3817 1101 3860 ac
1162 3797 1401 3860 colores
1468 3814 1784 3878 perpauca
1836 3816 2046 3880 neque
2090 3815 2166 3859 ea
2205 3796 2411 3879 ampla
2452 3794 2683 3858 fabulis

412 3915 667 3980 Graecis
711 3919 1095 3981 immisceret
1132 3916 1328 3980 facete
1361 3916 1526 3979 dicta
1562 3922 1622 3979 et
1653 3936 1736 3980 ex
1766 3916 2055 3981 Romano
2088 3934 2215 3979 usu
2238 3916 2679 3979 additamenta.

414 4035 598 4112 Quod
645 4040 857 4101 autem
903 4038 1101 4100 nihilo
1148 4039 1360 4100 secius
1406 4041 1538 4100 tam
1580 4039 1779 4100 multa
1817 4056 1968 4099 vere
1997 4033 2287 4099 Romana
2330 4034 2493 4119 apud
2537 4053 2688 4096 eum

413 4161 772 4240 occurrunt,
816 4159 934 4221 hoc
978 4158 1127 4221 inde
1170 4157 1458 4239 efficitur,
1499 4158 1668 4240 quod
1714 4177 1905 4239 saepe
1949 4177 2063 4239 pro
2106 4156 2364 4220 Graecis
2410 4154 2602 4217 rebus
2649 4174 2688 4216 a

552 4332 602 4403 ²⁸)
642 4331 724 4386 Cf.
762 4323 964 4396 ,ξΈοικα
1002 4329 1113 4397 βοῦς
1149 4327 1223 4380 ἐπὶ
1259 4321 1450 4396 σφαγὴν
1487 4327 1684 4397 μολεῖν“
1722 4333 1777 4379 et
1813 4321 1960 4392 „wiva
1996 4325 2141 4393 ξυροῦ
2169 4326 2413 4377 ἵσταται“.
