3028 4990
1184 386 1264 396 ...
1352 349 1430 411 27
1523 386 1603 395 --

1274 536 1311 615 ξ
1356 535 1396 597 2
1441 555 1494 597 a.

416 652 559 716 Iam
604 654 1011 736 procedimus
1056 653 1134 716 ad
1180 672 1289 716 eas
1334 672 1435 716 res
1482 671 1693 716 sacras
1722 650 2070 734 PlautinaS,
2113 671 2280 734 quae
2314 671 2533 734 quam-

249 773 343 834 vis
389 773 470 836 ad
523 777 969 857 argumentum
996 774 1162 837 haud
1198 775 1617 855 necessariae,
1662 776 1875 836 tamen
1912 773 2080 856 quod
2112 773 2187 835 ad
2224 771 2536 834 Graccum
2616 773 2624 781 '

247 910 441 955 usum
490 895 681 957 certis
724 893 1078 957 rationibus
1104 893 1320 956 referri
1350 896 1641 975 possunt,
1691 892 1767 955 ab
1801 890 2277 974 exemplaribus
2305 891 2533 953 Atticis

247 1014 563 1094 originem
607 1012 839 1075 ducere
868 1011 1330 1074 existimandae
1377 1016 1543 1074 sunt.
1638 1009 1887 1086 Quibus
1920 1013 1986 1073 in
2033 1010 2415 1073 collocandis
2463 1030 2536 1073 ac

247 1132 673 1215 disponendis
724 1134 812 1195 ita
871 1151 1058 1214 agere
1118 1132 1273 1194 mihi
1321 1132 1536 1212 liceat,
1602 1134 1673 1194 ut
1716 1132 1895 1212 prius
1942 1150 2104 1213 quae
2149 1130 2226 1193 de
2272 1131 2535 1193 deorum

250 1256 479 1315 natura
510 1256 573 1314 et
602 1249 976 1314 muneribus
1023 1250 1189 1333 apud
1220 1248 1516 1313 Plautum
1560 1249 1850 1312 feruntur
1886 1252 2259 1330 sententiae,
2304 1250 2536 1314 deinde

251 1391 418 1453 quae
506 1372 583 1435 ad
655 1371 897 1435 cultum
964 1371 1254 1451 ritusque
1353 1369 1688 1432 sollemnia
1769 1371 2054 1450 spectant
2127 1387 2538 1450 percenseam

248 1493 441 1573 atque
488 1491 888 1573 perlustrem.

422 1613 523 1674 Ac
571 1610 913 1693 primordia
965 1609 1133 1673 unde
1191 1611 1405 1691 potius
1450 1610 1693 1691 capiam
1761 1628 1947 1691 quam
2010 1607 2088 1671 ab
2153 1609 2246 1670 eis
2308 1610 2417 1691 qui
2468 1610 2535 1671 in

253 1727 641 1793 Graecorum
684 1734 746 1792 et
789 1721 1223 1792 Romanorum
1255 1729 1565 1811 religione
1611 1729 1938 1820 summum
1983 1728 2193 1791 locum
2226 1726 2541 1808 obtinent,

253 1871 287 1912 a
329 1870 639 1934 supremo
689 1850 771 1913 10
797 1870 886 1912 ve
932 1850 1327 1932 dearumque
1371 1850 1593 1931 regina
1637 1846 1991 1911 Iunone?
2040 1845 2165 1923 Qui
2211 1848 2538 1910 coniuncti

256 1974 321 2032 ut
379 1976 676 2035 veterum
737 1945 967 2034 animis
1033 1972 1118 2032 ita
1158 1967 1494 2052 proverbio
1560 1988 1817 2051 quoque
1860 1967 2316 2052 perhibentur,
2370 1967 2539 2049 quod

254 2086 422 2152 Trin.
475 2091 601 2153 208
649 2088 936 2152 Callicles
984 2087 1217 2169 profert
1260 2106 1656 2167 scurrarum,
1720 2087 1871 2170 „qui
1911 2088 2112 2149 omnia
2154 2109 2212 2149 se
2255 2087 2536 2148 simulant

255 2209 399 2270 scire
442 2231 627 2293 neque
666 2209 981 2292 quicquam
1024 2208 1276 2280 sciunff‘,
1323 2202 1691 2269 mendacem
1742 2207 2184 2289 loquacitatem
2230 2208 2536 2288 perstrin-

260 2347 414 2409 gens
475 2330 626 2411 (206
669 2332 830 2412 sqq.)
904 2327 1128 2405 „Quod
1185 2326 1426 2409 quisque
1468 2325 1530 2387 in
1575 2326 1776 2387 animo
1820 2325 1989 2388 habet
2042 2337 2145 2387 ant
2188 2326 2537 2405 habiturust,

259 2449 470 2523 δοίτιηις
530 2450 737 2513 Sciunt
790 2448 936 2532 quid
993 2449 1051 2510 in
1115 2467 1322 2509 aurem
1364 2466 1472 2508 rem
1520 2445 1761 2528 reyinae
1804 2445 2051 2508 dia-erit:
2117 2446 2323 2508 Sciunt
2381 2444 2541 2528 quod

264 2568 413 2632 Iuno
445 2568 790 2655 fizbulatast
832 2591 965 2628 aum
1014 2567 1208 2629 Iove“.
1295 2564 1437 2628 Hoc
1480 2565 1654 2627 enim
1699 2567 2028 2629 enuntiato
2063 2566 2376 2629 Graecum
2424 2566 2539 2628 ali-

267 2690 428 2768 quod
491 2689 789 2771 adagium
851 2693 960 2751 aut
1014 2688 1285 2770 exprimi
1344 2691 1454 2748 aut
1513 2685 1859 2769 significari
1916 2692 2083 2750 reete
2151 2686 2543 2768 collegerunt

266 2806 637 2891 interpretes
682 2828 764 2871 ex
810 2827 884 2870 eo
931 2808 1098 2890 quod
1147 2807 1438 2869 similiter
1482 2807 1560 2869 de
1605 2807 1943 2868 mulierum
1983 2806 2349 2889 garrulitate
2393 2804 2545 2867 dicit

268 2923 635 2992 Theocritus
670 2928 818 3009 XV,
850 2929 930 2990 64
975 2917 1239 3005 „Ilo'tvrot
1266 2935 1536 3009 γυναῖκες
1578 2929 1789 3002 ἴσαντι,
1835 2927 1937 2986 καὶ
1982 2920 2063 2998 ὡς
2085 2917 2235 2996 Ζεὺς
2274 2913 2531 3008 ἠγάγεθ’

259 3041 507 3132 Ἥραν“.
598 3047 937 3110 Proximus
992 3052 1118 3127 est,
1180 3046 1235 3107 si
1292 3044 1628 3107 duodecim
1674 3044 1937 3106 deorum
2000 3062 2160 3126 quos
2211 3046 2280 3104 ut
2322 3045 2543 3125 poten-

268 3166 546 3230 tissimos
613 3171 675 3228 et
752 3167 1187 3228 sanctissimos
1253 3166 1580 3227 communi
1652 3166 1911 3227 nomine
1990 3183 2061 3227 ac
2138 3163 2544 3225 veneratione

271 3282 504 3349 Graeca
545 3286 769 3368 religio
801 3285 1136 3367 complexa
1180 3290 1276 3346 est
1321 3286 1758 3365 (nominantur
1801 3285 1992 3347 etiam
2030 3283 2199 3366 apud
2242 3280 2540 3345 Plautum

273 3400 446 3486 Epid.
497 3405 620 3466 610
666 3423 756 3486 sq.
808 3406 871 3466 et
915 3403 1058 3482 675)
1126 3421 1461 3465 numerum
1510 3402 1730 3465 ordine
1801 3405 2279 3486 persequimur,
2342 3401 2545 3476 „Iovis

260 3519 460 3600 frater
487 3521 781 3583 aether-effi
815 3522 1229 3604 Neptunus
1322 3520 1703 3584 Invenimus
1738 3524 2126 3584 mentionem
2158 3523 2299 3584 eius
2342 3521 2544 3583 mani-

274 3639 425 3705 festo
475 3642 777 3705 Graecam
820 3638 999 3702 Ruch
1035 3640 1152 3703 160
1185 3659 1322 3723 sqq.
1416 3641 1565 3714 „Set
1588 3663 1622 3702 0
1655 3640 2003 3714 Palaemon,
2050 3651 2245 3702 sancte
2277 3637 2545 3720 Neptuni

274 3780 475 3835 cumea,
533 3760 711 3839 Quod
752 3760 1001 3842 sacimas
1058 3760 1315 3823 wiclefi!
1405 3758 1587 3835 Quod
1648 3761 1820 3823 enim
1867 3759 2397 3822 Palaemonem
2449 3762 2544 3821 in-

276 3885 453 3944 vocat
495 3879 832 3963 Sceparnio
877 3873 955 3942 in‘
991 3900 1163 3943 maro
1209 3883 1639 3963 prospiciens,
1689 3882 1801 3962 qui
1846 3879 2083 3943 Gracco
2130 3880 2348 3959 mytho
2395 3899 2541 3942 cum

278 4006 466 4063 matre
521 3999 723 4062 Inone
768 3999 838 4060 in
884 4017 1056 4060 mare
1101 3998 1385 4062 deiectus
1425 4004 1487 4061 et
1531 4001 1597 4060 in
1645 4000 1836 4062 deum
1900 4002 2218 4062 marinum
2262 4004 2543 4063 mutatus

277 4115 551 4203 Neptuni
609 4138 823 4182 comes
887 4118 1235 4202 perhibitus
1305 4125 1402 4184 est
1466 4123 1710 4202 (postea
1774 4140 1921 4183 eum
1988 4118 2262 4184 Romani
2329 4140 2544 4203 parem

280 4238 687 4302 autumabant
716 4237 1017 4322 Portuno,
1066 4242 1139 4302 cf.
1190 4240 1352 4304 Fest.
1403 4242 1548 4321 242,
1583 4241 1660 4319 1),
1704 4246 1915 4323 aperte
1961 4240 2196 4303 indicat
2227 4240 2540 4303 Graecum

284 4377 574 4424 versuum
624 4364 960 4423 auctorem.
994 4348 999 4353 ’
