3028 4990
1289 347 1709 408 „69—

367 536 605 615 pretem
652 532 925 614 appellat
969 526 1374 594 coniectores.
1465 531 1613 594 Huc
1658 531 1898 595 accedit
1941 530 2108 618 quod
2139 529 2270 593 Mil.
2308 530 2431 593 692
2475 531 2642 592 inter

367 651 689 732 mulierOS‚
716 650 950 733 quibus
976 656 1297 714 matronae
1322 650 1648 714 Romanae
1675 650 2181 733 Quinquatribus
2208 651 2387 714 datae
2413 665 2641 732 operae

369 771 721 832 mercedem
780 771 1071 852 solvunt⁷
1139 773 1488 833 coniecti-ix
1548 774 1993 851 enumeratur,
2050 770 2221 831 unde
2266 772 2438 832 viros
2492 766 2641 832 c'on-

364 889 704 952 iectoribus
748 909 898 952 usos
943 908 1087 952 esse
1131 893 1186 952 si
1231 890 1327 952 dis
1370 891 1578 973 placet
1618 890 1803 952 liceat
1848 889 2158 972 colligere.
2308 863 2312 867 ²

534 1009 774 1072 Tamen
820 1008 1183 1073 morborum
1250 1010 1554 1072 medelam
1615 1029 1695 1072 ex
1743 1010 2135 1072 somniorum
2176 1010 2437 1072 monitis
2481 1010 2640 1089 peti-

361 1134 509 1209 tam,
557 1130 809 1211 qualem
842 1128 1064 1192 Graeci
1102 1131 1169 1191 in
1204 1129 1617 1211 Aesculapeis
1649 1126 2050 1207 exercebant,
2092 1132 2338 1191 veteres
2365 1127 2640 1190 Romani

366 1250 629 1309 minime
690 1248 987 1310 videntur
1043 1268 1317 1311 curasse.
1410 1248 1813 1331 Quamquam
1864 1249 2038 1309 onim
2081 1248 2466 1329 Aesculapio
2511 1248 2638 1309 iam

366 1386 534 1429 anno
575 1369 697 1429 290
745 1389 796 1430 a.
828 1368 965 1430 Chr.
1016 1371 1084 1430 in
1123 1369 1334 1430 insula
1358 1367 1656 1431 Tiberina
1688 1368 1876 1431 aedes
1909 1367 2190 1431 dedicata
2221 1372 2317 1431 est
2362 1368 2459 1448 (cf.
2500 1365 2635 1429 Liv.
2733 1426 2736 1431 .

366 1485 450 1565 X,
494 1488 591 1548 47.
689 1487 893 1549 Valer.
932 1487 1182 1568 Max.1,
1229 1490 1287 1566 8,
1334 1489 1420 1568 2),
1464 1492 1678 1550 tamen
1728 1488 1817 1550 ibi
1863 1506 2253 1571 quemquam
2294 1487 2638 1550 incubasse

363 1626 477 1687 per
520 1579 713 1669 totam
757 1627 891 1669 rom
936 1607 1254 1689 publicam
1309 1608 1556 1670 nullum
1598 1613 1806 1671 exstat
1848 1584 2313 1691 testimonium,
2361 1629 2506 1672 cum
2554 1628 2658 1678 ex,

364 1726 758 1789 Caesarianis
803 1727 1194 1809 temporibus
1240 1726 1565 1808 complura
1608 1733 1856 1791 servata
1902 1731 2048 1809 sint,
2117 1730 2191 1792 cf.
2243 1729 2306 1791 C.
2354 1728 2401 1789 I.
2448 1728 2513 1790 L.
2546 1728 2637 1789 Vl

364 1867 425 1907 n.
486 1847 518 1906 7
568 1866 725 1929 sqq:
795 1846 855 1908 C.
901 1845 946 1912 1.
996 1847 1067 1908 G.
1118 1867 1173 1908 n.
1228 1848 1392 1909 5974
1441 1866 1579 1930 sqq.
