3028 4990
1279 329 1696 388 „65—

355 513 720 578 domesticis
795 515 1064 577 diversis
1131 516 1371 576 similes
1447 515 1683 595 patriae
1749 512 2246 575 consuetudines
2315 510 2622 574 exhibuit.

354 634 741 719 Plerumque
765 634 1427 697 tamen'Menandreae
1461 636 1682 696 aetatis
1717 637 1777 695 et
1817 651 2025 695 mores
2061 637 2124 694 et
2158 632 2497 713 opiniones
2527 633 2624 692 in-

350 760 559 839 tegras
595 761 784 838 atque
823 758 1239 817 immunesex
1262 756 1469 816 Attica
1493 754 1818 818 comoedia
1839 753 2159 814 transtulit
2200 754 2267 814 in
2287 752 2626 834 palliatam,

354 878 545 939 etiam
578 895 651 938 ea
679 895 842 958 quae
874 879 1253 957 spectatores
1287 877 1551 936 minime
1582 878 1844 956 possent
1875 870 2357 955 persentiscere,
2389 871 2626 934 nedum

355 999 635 1059 suaviter
676 997 824 1058 inde
870 994 1063 1075 affici,
1128 997 1282 1075 quin
1331 1014 1494 1077 quae
1539 997 1752 1076 ipsum
1795 1014 2023 1075 parum
2065 993 2464 1055 intellexisse
2512 993 2627 1052 vix

355 1117 435 1177 sit
481 1115 751 1178 dubium
796 1115 895 1194 (cf.
941 1135 999 1197 p.
1036 1117 1128 1175 14.
1182 1116 1277 1175 29.
1328 1116 1406 1176 47
1430 1119 1564 1197 sq).
1637 1116 1861 1178 Errore
1908 1116 2099 1197 igitur
2143 1114 2288 1176 duci
2318 1116 2485 1196 patet
2515 1131 2627 1175 eos

355 1239 465 1319 qui
526 1255 610 1298 ex
670 1239 1052 1297 Graecarum
1111 1254 1321 1296 rerum
1390 1234 1561 1314 apud
1621 1232 1918 1296 Plautum
1976 1235 2280 1296 memoria
2334 1232 2629 1296 Plautina
2711 1215 2715 1219 ⁴

355 1361 555 1419 aetate
602 1375 709 1417 eas
753 1352 1064 1416 Romanis
1110 1357 1291 1416 notas
1338 1354 1441 1415 vel
1506 1354 1664 1442 adeo
1724 1356 1990 1416 usitatas
2055 1356 2261 1417 fuisse
2307 1354 2623 1437 colligant.

355 1476 650 1558 Namque
707 1477 956 1557 poetam
1007 1473 1307 1536 Latinum
1372 1473 1620 1535 fabulas
1679 1493 1831 1536 suas
1888 1495 1924 1535 a
1982 1473 2459 1556 spectatoribUS,
2517 1476 2630 1556 qui

355 1596 649 1658 delectari
699 1613 827 1656 non
857 1599 1123 1674 possent
1156 1592 1350 1655 rebus
1377 1594 1718 1675 incognitis
1762 1598 1822 1655 et
1853 1593 2160 1675 obscuris,
2207 1596 2488 1658 voluisse
2534 1597 2631 1657 in-

355 1717 592 1798 tellegi,
625 1733 811 1776 nemo
859 1717 1024 1776 certe
1071 1719 1168 1774 est
1211 1714 1364 1795 quin
1410 1712 1636 1774 habeat
1679 1706 2083 1796 persuasum:
2114 1716 2224 1777 sed
2271 1734 2355 1778 ex
2400 1716 2631 1777 disser-

355 1837 590 1898 tatione
635 1836 847 1895 nostra
891 1834 1183 1913 apparuit
1207 1851 1354 1894 eum
1402 1833 1520 1894 hoc
1566 1834 1731 1914 quod
1767 1835 1966 1897 voluit
2009 1839 2180 1897 tanta
2207 1854 2352 1896 cum
2383 1836 2632 1897 incuria

358 1958 420 2017 et
472 1959 540 2016 ut
595 1952 917 2035 propalam
975 1951 1177 2013 dicam
1233 1953 1486 2025 levitate
1546 1952 1921 2033 perfecisse,
1984 1958 2054 2017 ut
2093 1954 2259 2017 haud
2305 1974 2504 2037 pauca
2563 1958 2628 2017 in

357 2072 767 2134 translatione
816 2072 1113 2132 retineret
1162 2071 1333 2150 plebi
1395 2072 1682 2134 indoctae
1743 2074 1917 2136 nullo
1975 2078 2153 2156 pacto
2209 2073 2631 2156 percipienda.

361 2190 691 2267 Quodcum
748 2211 1025 2255 summa-
1059 2192 1325 2254 libidine
1386 2198 1574 2273 poeta
1632 2191 1933 2254 barbarus
1980 2193 2250 2256 Graecas
2310 2213 2413 2256 res
2460 2214 2631 2256 nunc

359 2312 436 2373 ad
484 2310 749 2373 verbum
813 2316 1230 2394 expresserit,
1284 2331 1456 2372 nunc
1516 2316 1852 2374 mutaverit
1910 2311 2249 2394 RomaniS,
2301 2320 2371 2376 ut
2415 2333 2632 2397 saepe-

360 2452 626 2494 numero
685 2434 921 2495 Graeca
968 2438 1029 2494 et
1086 2430 1375 2494 Romana
1434 2434 1748 2494 artissime
1809 2452 1877 2494 se
1933 2439 2223 2516 premant
2283 2439 2391 2497 aut
2446 2435 2633 2517 plane

361 2555 676 2634 permixta
765 2557 893 2615 sint
973 2555 1073 2633 (cf.
1130 2574 1189 2635 p.
1253 2557 1333 2614 42
1366 2591 1431 2596 m
1453 2556 1553 2614 44.
1622 2554 1761 2632 60),
1847 2575 2057 2638 neque
2127 2557 2331 2619 utrius
2411 2557 2633 2637 populi

332 2692 569 2734 ·mores
630 2675 1044 2754 institutaque
1129 2693 1384 2754 quoquc
1446 2673 1583 2734 loco
1660 2676 2081 2755 respiciantur
2147 2676 2271 2737 nisi
2346 2695 2430 2738 ex
2493 2676 2634 2738 aljis

361 2794 742 2854 testimoniis
786 2796 990 2872 possit
1025 2792 1334 2874 dignosci,
1381 2812 1785 2874 consequens
1825 2800 1922 2854 est
1953 2794 2057 2855 ubi
2093 2793 2385 2858 Plautum
2424 2797 2631 2859 solum

362 2911 668 2974 habemus
744 2913 1126 2993 cognitionis
1191 2913 1461 2975 alicuius
1543 2913 1799 2992 fontem,
1858 2932 2004 2976 eum
2075 2915 2150 2976 ad
2231 2917 2635 2996 antiquarum

365 3050 577 3093 rerum
642 3031 833 3093 fidem
899 3032 1251 3093 faciendam
1318 3033 1491 3096 nulla
1547 3051 1689 3094 esse
1745 3034 2110 3095 auctoritate
2175 3038 2364 3116 atque
2420 3037 2633 3115 potius

367 3151 804 3230 omittendum,
864 3153 987 3213 nisi
1046 3151 1200 3213 forte
1259 3172 1388 3213 rem
1450 3151 1808 3213 Plautinam
1865 3155 2192 3233 propterea
2259 3155 2431 3235 quod
2488 3174 2633 3218 cum

368 3269 606 3333 Graeca
665 3273 879 3353 aliqua
922 3292 996 3333 eo
1044 3273 1180 3333 loco
1229 3275 1657 3333 consentanea
1704 3272 2023 3352 insignem
2073 3271 2297 3334 habeat
2342 3275 2635 3336 similitu-

366 3389 600 3471 dinem,
646 3412 755 3473 pro
801 3393 913 3452 hac
946 3393 1299 3452 institutam
1337 3410 1479 3452 esse
1512 3392 1873 3471 promptum
1904 3391 1986 3452 sit
2021 3396 2210 3472 atque
2241 3396 2635 3475 propositum

365 3510 465 3590 (cf.
526 3531 582 3592 p.
645 3514 742 3573 22.
794 3513 917 3592 60).
1011 3510 1131 3573 Sed
1189 3513 1375 3572 etiam
1444 3509 1552 3570 ubi
1607 3513 1861 3571 exstant
1926 3511 2192 3573 aliorum
2261 3515 2637 3596 scriptorum

366 3628 468 3689 vel
525 3634 1081 3692 monumentorum
1159 3630 1557 3707 testimonia,
1624 3611 1744 3690 his*
1781 3632 1951 3692 viros
2026 3631 2241 3694 doctos
2304 3631 2635 3696 Plautinae

365 3748 626 3809 rationis
670 3768 892 3831 parum
939 3750 1214 3811 scientes
1261 3768 1388 3811 non
1438 3768 1687 3831 semper
1726 3753 1892 3810 recte
1935 3769 2089 3811 usos
2136 3769 2278 3813 esse
2312 3753 2637 3835 multaque

365 3868 430 3926 in
476 3865 707 3929 fabulis
753 3869 881 3929 illis
928 3870 1165 3930 acriore
1210 3868 1445 3930 iudicio
1491 3869 1568 3931 ad
1615 3871 1822 3932 Attica
1867 3871 2160 3952 exempla
2197 3869 2638 3955 Graecumque

366 4005 606 4049 morem
656 3990 940 4050 revocari
1002 4007 1188 4071 posse
1257 4008 1420 4070 quae
1481 3989 1669 4051 hodie
1750 3989 1943 4071 vulgo
2013 4008 2200 4053 secus
2259 3990 2445 4073 fiant,
2507 4012 2639 4055 non

366 4124 493 4167 uno
561 4108 858 4187 exemplo
923 4108 1106 4170 credo
1180 4128 1282 4170 me
1352 4109 1842 4171 demonstrasse.
1937 4107 2143 4183 Quare
2213 4129 2478 4174 necesse
2545 4116 2642 4174 est

365 4228 607 4294 ceterae
657 4246 914 4308 quoque
961 4229 1407 4309 antiquitatum
1448 4227 1884 4292 Plautinarum
1941 4234 2151 4312 partes
2198 4249 2343 4293 cum
2390 4251 2542 4294 cura
2580 4237 2643 4294 et

364 4344 692 4427 diligentia
755 4347 1119 4427 tractentur,
1177 4368 1302 4430 quo
1359 4349 1551 4411 simul
1610 4350 1874 4412 clariora
1927 4369 2000 4412 ac
2065 4352 2328 4414 certiora
2370 4351 2524 4415 fiant
2567 4373 2642 4416 ea

366 4484 531 4546 quae
580 4485 698 4528 nos
745 4484 829 4527 ex
883 4486 1014 4529 una
1053 4471 1226 4550 parte
1274 4470 1580 4531 eruimus·

2191 4556 2223 4605 5
