3028 4990
1261 330 1679 393 -57—

337 516 580 578 tissime
625 484 928 598 exprimit
972 515 1321 581 Menander
1360 520 1401 579 4
1448 539 1503 601 p.
1535 519 1679 599 283,
1728 518 1839 579 18:
1887 512 2144 594 ,,ἅπαντι
2181 510 2411 602 δαίμων
2446 509 2608 603 ἀνδρὶ

340 636 816 721 συμπαρίσταται
859 630 1042 709 εὐθὺς
1090 637 1391 722 γενομένῳ
1408 687 1422 715 ,
1469 630 1872 722 μυσταγωγὸς
1909 640 2021 697 τοῦ
2068 637 2233 717 βίουιι
2255 639 2543 719 (vocatur
2572 657 2609 699 a

339 751 601 817 Platone
623 752 883 818 Phaedr.
930 777 990 839 p.
1023 756 1139 819 107
1167 759 1206 820 d
1255 750 1325 835 „o
1369 748 1628 818 ἑκάστου
1667 749 1915 840 δαίμων,
1958 754 2139 843 ὅσπερ
2184 748 2410 830 ζῶντος
2450 746 2626 845 eil-»523
2695 774 2699 779 ·

336 873 512 954 χει“).
603 872 698 937 Ita
742 877 931 937 etiam
986 897 1023 939 a
1079 875 1355 950 Fortuna
1419 879 1706 940 omnium
1767 878 2092 940 communi
2153 875 2611 960 dignoscebant

340 993 653 1076 cuiusque
689 998 1045 1079 propriam,
1103 995 1176 1058 cf.
1226 993 1491 1057 Philem.
1542 998 1584 1057 4
1628 1015 1687 1078 p.
1739 997 1777 1056 6
1824 996 1989 1073 ,,Νῢν
2034 986 2092 1056 δ’
2167 986 2278 1056 οἷδ’
2354 992 2610 1082 ἀκριβῶς

339 1107 448 1182 τὴν
488 1105 680 1198 τύχην
723 1109 804 1187 ὡς
850 1113 918 1175 οὐ
962 1115 1084 1198 μία,
1131 1107 1262 1177 οὐδ’
1324 1117 1452 1176 ἔστι
1494 1106 1712 1200 πρώην,
1758 1110 1920 1177 ἀλλὰ
1964 1110 2122 1200 μετὰ
2146 1120 2273 1176 τῶν
2311 1106 2613 1198 σωμάτων

338 1227 526 1318 ἡμῶν,
571 1232 720 1297 ὅταν
761 1209 1086 1319 γιγνώμεθ’
1116 1285 1130 1312 ,
1187 1228 1367 1307 εὐθὺς
1407 1229 1444 1303 ἡ
1489 1225 1647 1318 τύχη
1697 1232 2085 1321 προσγίγνεθ’
2149 1229 2285 1319 ἡμῖν
2330 1228 2613 1320 συγγενὴς

340 1357 429 1434 τῷ
464 1344 761 1438 σώματιιι,
787 1360 859 1417 ut
887 1357 1149 1419 omnino
1182 1357 1347 1418 inter
1389 1347 1579 1440 τύχης
1610 1360 1672 1418 et
1698 1347 1975 1439 δαίμονος
2002 1357 2328 1417 notionem
2360 1372 2612 1417 summa

341 1473 768 1537 intercedebat
823 1477 1146 1557 cognatio,
1203 1475 1375 1538 undo
1419 1476 1651 1538 factum
1699 1478 1828 1556 est,
1886 1478 1955 1537 ut
1997 1474 2220 1537 Graeci
2280 1475 2611 1558 scriptores
2708 1465 2719 1475 ’

344 1592 706 1657 Romanum
739 1594 1013 1658 Genium
1040 1597 1335 1679 alterutro
1380 1596 1691 1659 vocabulo
1734 1594 2088 1675 redderent,
2117 1594 2190 1655 cf.
2238 1592 2402 1656 Plut.
2431 1593 2608 1656 Caes,

343 1715 422 1778 69
466 1718 528 1776 et
557 1713 729 1777 Cass.
765 1712 950 1780 Dion.
986 1716 1085 1796 57,
1116 1716 1218 1778 80.
1269 1718 1368 1797 58,
1396 1718 1451 1778 2.
1501 1716 1557 1777 6.
1611 1717 1705 1778 12.
1772 1715 2012 1777 Verum
2048 1715 2222 1777 enim
2252 1732 2403 1776 vero
2449 1714 2615 1775 inter

343 1831 616 1896 Graecos
659 1824 944 1916 δαίμονας
1000 1840 1061 1898 et
1086 1837 1323 1900 Genios
1368 1833 1698 1903 Romanos
1741 1835 1858 1897 hoc
1902 1836 2198 1916 interest,
2253 1836 2321 1895 ut
2360 1833 2455 1896 illi
2500 1851 2613 1895 ex-

342 1955 459 2015 orti
511 1973 548 2015 a
597 1953 1120 2037 philosophorum
1195 1957 1574 2037 cogitatione
1627 1955 1866 2018 cultum
1935 1973 2265 2036 nunquam
2337 1953 2613 2016 assecuti

343 2074 488 2155 sint,
536 2093 681 2136 cum
729 2076 953 2157 genios
1001 2095 1191 2157 quam
1236 2076 1339 2158 pie
1387 2080 1734 2157 sancteque
1779 2073 2051 2138 Romani
2112 2076 2178 2136 in
2229 2074 2403 2135 omni
2442 2074 2612 2135 vitae

340 2211 574 2275 genere
628 2192 962 2257 habuerint
1019 2214 1210 2258 nemo
1270 2197 1535 2278 ignoret.
1621 2193 1825 2277 Igitur
1880 2195 2059 2257 iocus
2112 2191 2449 2255 Plautinus
2494 2211 2613 2274 pu-

342 2312 572 2375 tandus
635 2318 732 2376 est
754 2314 852 2396 *),
904 2316 1071 2397 quod
1132 2313 1304 2397 Capt.
1376 2315 1498 2378 259
1565 2333 1700 2397 sqq.
1817 2312 2097 2396 Hegioni
2164 2316 2609 2396 interroganti:

344 2430 554 2510 „Quid
592 2442 657 2492 ta
698 2431 828 2494 ais?
884 2442 1133 2494 tenaxne
1185 2442 1363 2513 pater
1417 2443 1498 2493 est
1541 2431 1747 2493 eius“?
1796 2432 2135 2517 respondet
2167 2431 2612 2528 sshilocratos:

344 2555 583 2629 „Immo
626 2554 835 2635 edepol
863 2555 1156 2634 pertinem-
1172 2578 1191 2615 .-
1249 2554 1404 2632 Quin
1464 2556 1642 2617 etiam
1680 2564 1744 2614 ut
1781 2555 1974 2637 maffia
2017 2576 2223 2617 noscas
2245 2602 2261 2630 ‚
2301 2556 2471 2636 yenio
2511 2578 2616 2619 suo

341 2674 455 2736 sibi
493 2674 734 2757 quando
777 2675 1093 2758 menfica&
1108 2721 1123 2749 ‚
1190 2674 1297 2735 Ad
1336 2697 1464 2736 rem
1508 2675 1778 2740 divinam
1819 2667 2029 2758 quibus
2070 2697 2221 2756 opus
2265 2686 2346 2738 est
2391 2676 2617 2738 Samiis

345 2794 578 2855 vasibus
634 2795 821 2856 utitur
845 2841 860 2868 ‚
950 2792 1051 2856 Ne
1102 2795 1229 2875 ipse
1281 2796 1486 2877 qenins
1543 2795 1919 2876 subrupiat“.
2031 2795 2350 2860 Nimirum
2426 2799 2618 2860 etiam

343 2913 604 2977 Latinae
650 2915 850 2978 solius
895 2915 1492 2997 linguae-propriae
1538 2918 1689 2976 sunt
1727 2915 2086 2979 locutiones
2161 2917 2372 2998 „yenio
2429 2915 2619 2978 multa

346 3033 499 3094 bona
529 3032 776 3115 facere“
828 3032 1027 3114 (PerS.
1053 3033 1203 3117 263)
1249 3057 1419 3116 „cum
1459 3035 1629 3116 yenio
1668 3034 2048 3117 belliyerare“
2078 3034 2284 3114 (Truc.
2313 3034 2364 3118 I,
2405 3039 2465 3118 2,
2490 3036 2619 3119 81),

359 3154 630 3234 „qem‘um
687 3153 1096 3236 dqf'raudm·e“
1164 3155 1335 3233 (Aul.
1392 3154 1530 3218 724.
1642 3152 1890 3218 Terent.
1960 3154 2205 3219 Phorm.
2265 3155 2317 3238 I,
2376 3157 2433 3237 1,
2498 3157 2620 3237 12),

344 3272 525 3354 aliae,
570 3272 649 3336 de
694 3273 929 3355 quibus
974 3275 1047 3335 cf.
1097 3271 1351 3337 Preller.
1399 3274 1595 3354 myth.
1644 3272 1718 3335 R.
1769 3273 1828 3336 1³
1873 3295 1930 3358 p.
1983 3275 2080 3339 79.

1269 3596 1468 3705 Cap.
1533 3601 1672 3680 ΠΙ.

514 3813 693 3877 Haec
747 3817 912 3877 intra
963 3835 1185 3879 rorum
1246 3834 1564 3879 sacrarum
1606 3816 1768 3879 fines
1816 3819 2028 3879 omnia
2086 3821 2270 3898 sunt,
2334 3837 2497 3899 quae
2553 3820 2622 3880 ut

344 3932 552 3997 Plauti
595 3936 954 3998 inventioni
984 3935 1256 3999 tribuam
1284 3939 1469 3999 certis
1501 3956 1693 4020 cogor
1723 3938 2131 4020 argumentis.
2197 3936 2396 4000 Vides
2423 3956 2616 4020 quam

486 4176 540 4241 ²⁸)
578 4175 644 4228 Id
693 4177 885 4230 saltem
939 4176 1299 4230 confitendum
1350 4177 1478 4238 erit,
1530 4176 1746 4229 etiamsi
1794 4176 1849 4227 in
1890 4175 2076 4230 Attico
2113 4175 2299 4229 Plauti
2335 4175 2623 4244 exemplari

344 4261 510 4314 alium
549 4262 708 4315 deum
745 4279 841 4331 pro
868 4264 1024 4330 genio
1063 4263 1399 4316 nominatum
1438 4263 1603 4315 fuisse
1641 4262 1978 4327 arbitremur,
2017 4263 2215 4316 nullius
2252 4261 2466 4314 nomine
2504 4265 2619 4316 tam

344 4352 471 4417 apte
507 4350 571 4403 ac
606 4349 831 4403 ridicule
869 4349 1100 4402 hominis
1137 4339 1423 4402 avaritiam
1463 4348 1779 4416 significari.
