3028 4990
1375 311 1798 394 ÷32m

448 496 526 559 de
573 493 807 578 quibus
852 494 1028 577 vulgi
1074 495 1287 577 opinio
1333 496 1584 559 videtur
1623 496 1824 560 fuisse
1857 518 2045 581 quam
2091 499 2327 581 profert
2354 500 2778 563 Athenaeus

448 612 556 680 IX.
595 614 715 676 277
777 611 1004 698 ,,μέγας
1059 605 1118 674 δ’
1186 614 1314 675 ἐστὶ
1371 608 1660 700 σοφιστὴς
1718 616 1817 677 καὶ
1884 606 2055 677 οὐδὲν
2095 613 2303 685 ἥττων
2339 623 2464 679 τῶν
2506 624 2779 704 ἰατρῶν

448 738 526 806 εἰς
569 723 975 807 ἀλαζονείανίί.
1037 732 1367 795 Praeterea
1398 753 1655 798 scenam
1690 737 1923 818 inqua
1950 736 2057 799 illa
2085 737 2386 820 leguntur
2416 758 2450 801 e
2482 739 2773 802 Graeco

447 872 819 935 expressam
876 871 1020 914 esse
1066 853 1169 915 vel
1210 851 1405 915 verba
1456 856 1662 935 prima
1712 855 2146 919 demonstrant
2204 856 2477 931 „Lumbi
2515 859 2772 920 seden-

447 973 544 1047 do,
589 973 743 1035 oculi
770 973 1161 1052 emper-tando
1197 972 1456 1047 dolent‘ss
1509 974 1743 1056 quibus
1788 976 1962 1038 reddi
1995 977 2436 1060 Aristophanis
2466 976 2762 1041 Thesm.

447 1094 569 1155 846
619 1087 819 1173 ,,ἰλλὸς
841 1091 1168 1177 γεγένημαι
1197 1083 1586 1178 τεροσδωιῶν(ι
1612 1094 2028 1159 imitationem
2062 1099 2198 1159 sive
2221 1096 2549 1180 Posidippi
2581 1099 2763 1161 sive

449 1214 917 1295 cuiuscumque
949 1211 1213 1276 Plautus
1250 1214 1680 1277 Menaechmis
1720 1217 2042 1280 transtulit
2071 1219 2460 1281 comoediam
2499 1217 2764 1279 Kiess-

444 1332 682 1415 lingius
728 1334 1015 1397 coniecit.

611 1451 1020 1517 Herculis
1066 1455 1233 1536 apud
1276 1452 1573 1517 Plautum
1622 1474 1880 1537 quoque
1920 1459 2226 1538 apparent
2267 1455 2534 1536 vestigia
2575 1454 2751 1516 eius

441 1570 685 1653 figurae
748 1592 940 1654 quam
1002 1572 1252 1635 effinxit
1310 1574 1518 1637 Attica
1561 1575 1903 1637 comoedia.
1996 1573 2083 1636 Ut
2143 1576 2318 1636 enim
2362 1574 2748 1654 antiquiore

442 1694 721 1773 tempore
768 1695 835 1756 in
869 1717 1128 1761 scenam
1160 1697 1388 1780 prodiit
1430 1694 1807 1777 inexplebili
1839 1693 1963 1756 cibi
2008 1713 2080 1755 ac
2113 1695 2387 1776 potionis
2418 1692 2741 1755 aviditate

443 1812 789 1896 ridiculus,
853 1823 1236 1901 quapropter
1292 1820 1360 1879 in
1423 1816 1768 1897 posteriore
1813 1786 2138 1876 comoedia
2184 1835 2218 1876 a
2263 1813 2556 1893 parasitis
2602 1830 2737 1873 ex-

441 1933 683 2014 emplar
738 1941 1030 2019 sumptus
1106 1943 1203 1999 est
1271 1943 1334 2000 et
1390 1907 1693 2018 patronus
1750 1934 1850 2015 (cf.
1913 1932 2166 1995 Diodor.
2224 1953 2382 1996 com.
2442 1934 2515 2012 3,
2569 1933 2731 2014 544,

441 2051 523 2111 23
571 2055 896 2134 sqq.),.ita
944 2056 1021 2117 ad
1067 2059 1471 2119 voracitatem
1517 2057 1658 2117 eius
1703 2054 1997 2117 alludens
2040 2056 2314 2136 parasita
2357 2053 2545 2117 Stich.
2588 2054 2727 2115 218

441 2171 736 2235 scurriles
797 2174 1042 2256 lepores
1096 2194 1247 2238 suos
1312 2175 1649 2251 „Herculeo
1711 2175 2027 2254 Jn·arzde'0“
2080 2193 2148 2235 se
2211 2173 2488 2236 vendere
2548 2172 2726 2234 velle

438 2290 708 2373 iocatur,
778 2298 838 2354 et
910 2293 1172 2375 „almam
1231 2316 1403 2355 suam
1464 2295 1753 2355 nutricem
1818 2292 2169 2355 Hercedem-“
2237 2295 2491 2355 invocat
2562 2291 2730 2354 alter

441 2407 622 2472 Curc.
673 2411 812 2473 358.
2553 2402 2558 2407 ’

613 2531 840 2613 Aeque
886 2532 961 2594 ad
1015 2534 1324 2596 Graecum
1381 2538 1630 2616 poetam
1676 2535 1941 2597 recurrit
1987 2531 2286 2595 Pseudoli
2333 2533 2723 2613 (679m687)

438 2649 517 2711 de
594 2648 743 2712 For
770 2656 913 2713 tun
947 2674 981 2714 a
1056 2654 1470 2735 monologUS,
1546 2656 1657 2735 qui
1731 2654 2057 2716 exorditur
2133 2650 2210 2713 ab
2291 2653 2390 2714 his
2463 2651 2719 2715 verbis:

440 2768 778 2854 „Na-mque
822 2772 957 2852 'ip-sa
1010 2771 1444 2852 Opportunitas
1490 2794 1606 2833 uon
1634 2772 1828 2851 poluit
1859 2773 1947 2832 ‘mi
1972 2771 2366 2852 opportunius
2394 2770 2721 2844 Adron-ire,

446 2912 629 2973 quam
659 2891 802 2953 liaeo
831 2891 1070 2953 allatast
1104 2892 1188 2953 mi
1214 2902 1549 2974 opportune
1579 2891 1850 2972 epistula.
1927 2889 2096 2951 Nam
2141 2889 2283 2952 llaec
2306 2890 2495 2951 allata
2525 2912 2713 2951 cornu

438 3010 716 3090 copiaest‚
772 3012 874 3073 ubi
928 3012 1072 3077 ine-st
1116 3012 1396 3094 quicquid
1436 3010 1596 3073 volo:
1658 3011 1778 3072 Hic
1821 3011 1963 3086 doli,
2016 3011 2108 3073 hic
2159 3010 2453 3094 fallaciae
2494 3032 2715 3083 omne-3,

444 3128 538 3190 hic
579 3141 714 3191 sum
753 3131 1211 3214 sycophantiae“
1241 3136 1353 3194 etc.
1418 3131 1534 3193 Est
1563 3132 1736 3193 enim
1768 3132 1988 3194 eadem
2025 3150 2187 3213 quae
2222 3148 2394 3193 nunc
2423 3131 2715 3212 sequitur
2779 3194 2784 3197 ,

440 3233 843 3333 philosophia
886 3255 1076 3333 atque
1127 3269 1203 3313 ea
1249 3270 1437 3333 qnam
1481 3251 1727 3314 mediae
1757 3256 1819 3314 et
1856 3271 2060 3314 novae
2091 3237 2457 3314 comoediae
2486 3253 2711 3332 poetae

435 3369 512 3431 de
559 3360 736 3453 Τύχῃ
803 3389 993 3452 saepe
1055 3372 1400 3451 proferunt,
1460 3371 1626 3453 quod
1690 3372 1899 3435 fusius
1942 3372 2309 3454 explanavit
2353 3370 2707 3435 Lorenzius

435 3490 505 3551 in
552 3489 941 3570 praefatione
989 3509 1144 3553 suae
1191 3490 1486 3554 editionis
1534 3493 1612 3573 (p.
1648 3490 1897 3553 20-23
1930 3495 1993 3554 et
2029 3493 2153 3573 31).
2215 3489 2707 3573 Opportuni-

431 3613 675 3672 tatem
741 3614 953 3673 autem
1007 3611 1178 3673 unde
1234 3612 1458 3693 incipit
1501 3608 1803 3673 Pseudoli
1848 3611 2167 3674 meditatio
2211 3609 2705 3692 intellegendam

431 3734 583 3813 puto
618 3722 913 3817 Καιρόν*),
951 3751 1144 3814 quem
1177 3731 1364 3794 deum
1388 3731 1807 3795 Menandrum
1832 3749 2087 3813 quoque
2109 3731 2352 3793 dixisse
2380 3729 2705 3811 cognitum

433 3849 763 3932 habemus,
825 3851 899 3913 cf.
946 3852 1129 3934 frgm.
1171 3852 1295 3914 inc.
1343 3871 1400 3933 p.
1450 3852 1594 3932 331,
1651 3851 1771 3913 500
1828 3842 1932 3927 „esi
1974 3871 2045 3933 γε
2088 3849 2286 3933 λέγων
2328 3844 2435 3911 τὸν
2480 3842 2707 3935 Καιρὸν

571 4091 628 4157 *)
669 4090 820 4145 Jovis
856 4089 1026 4142 filium
1063 4093 1197 4143 natu
1233 4088 1514 4142 minimum
1545 4083 1720 4156 Καιρὸν
1756 4090 1984 4142 finxerat
2010 4089 2114 4142 Jon
2153 4088 2337 4152 Chius„
2376 4089 2442 4142 cf.
2469 4088 2701 4141 Pausan.

431 4177 599 4231 Eliac.
641 4179 690 4242 5,
736 4177 816 4241 14,
857 4178 918 4241 7;
968 4176 1265 4231 clarissima
1300 4179 1416 4228 erat
1455 4177 1619 4230 ctiam
1660 4177 1840 4245 Καιροῦ
1874 4180 2059 4229 statua
2097 4193 2128 4229 a
2165 4176 2400 4244 Lysippo
2439 4175 2700 4237 confecta,

428 4282 563 4333 quae
609 4264 933 4320 describitur
993 4281 1025 4318 a
1074 4265 1386 4317 Callistrato
1434 4266 1572 4316 Stat.
1612 4263 1691 4317 VI
1752 4267 1807 4317 et
1863 4264 1930 4315 ab
1983 4263 2218 4316 Himerio
2276 4264 2389 4317 Ecl.
2428 4263 2576 4328 XIV,
2632 4263 2698 4316 cf.

431 4352 653 4406 Anthol.
690 4352 846 4406 Plan.
886 4353 987 4406 275
1025 4356 1080 4405 et
1120 4352 1239 4407 152.
1277 4350 1448 4404 Anth.
1486 4349 1553 4413 X,
1598 4350 1679 4404 52.
1718 4350 1844 4414 XII,
1884 4350 1967 4402 31.
2009 4351 2126 4405 197.
