3028 4990
1294 303 1375 312 ,-
1464 267 1714 328 56-

364 453 608 533 mayni
645 451 1036 534 minutique
1081 462 1141 512 et
1175 451 1573 532 patellarii
1597 453 1829 535 faoeint,
1874 473 1946 513 ne
1991 452 2150 513 ...“
2239 450 2419 514 Haec
2463 452 2631 513 enim

366 572 629 635 deorum
687 572 938 654 partitio
996 568 1431 634 Romanorum
1477 576 1639 652 erat,
1711 573 1822 654 qui
1885 571 2125 633 civium
2182 572 2249 632 in
2313 569 2638 653 republica

369 689 695 753 ordinibus
736 690 815 753 ad
860 690 1226 752 caelestium
1257 709 1454 773 regna
1494 691 1815 754 translatis
1862 692 2175 753 maiorum
2221 694 2284 754 et
2317 691 2638 753 minorum

367 811 653 892 gentium
704 828 822 872 seu
877 811 1173 891 patricios
1214 814 1276 871 et
1317 810 1607 892 plebeios
1656 811 1807 873 deos
1856 811 2327 891 discernerent,
2392 809 2464 872 cf.
2514 808 2638 874 Cic.

367 926 553 990 Tusc.
599 927 651 1010 Ι,
703 929 800 1009 13,
847 929 944 990 29.
1039 927 1219 990 Ovid.
1280 927 1370 990 Ib.
1420 931 1495 991 81
1550 947 1641 1011 sq.
1736 932 2078 1013 Augustin.
2148 929 2211 992 O.
2260 928 2336 991 D.
2386 926 2531 1007 VII,
2578 929 2634 989 2.

369 1046 652 1123 Quorum
698 1048 964 1111 alterum
1006 1067 1213 1130 genus
1245 1046 1509 1111 Plautus
1542 1049 1783 1111 ludicre
1814 1050 2220 1132 cognominat
2259 1047 2641 1130 patellarioS,

368 1186 453 1229 sc.
502 1185 612 1230 eos
659 1165 915 1249 quibUS‚
961 1171 1029 1229 ut
1059 1166 1328 1230 Laribus
1359 1166 1706 1229 Penatibus
1758 1166 1999 1248 GeniiS,
2046 1169 2292 1231 minora
2336 1165 2642 1229 sacrificia

366 1288 436 1349 in
494 1287 743 1369 patellis
804 1286 1164 1349 offerebant.
1268 1288 1413 1349 Alia
1476 1287 1737 1349 deorum
1798 1286 2194 1368 distributio,
2260 1307 2386 1369 quo
2445 1287 2643 1349 utitur

369 1406 880 1469 Alcesimarchus
935 1409 1156 1489 paucis
1212 1411 1357 1470 ante
1426 1406 1719 1470 versibus
1780 1407 1844 1469 in
1914 1407 2136 1470 eodem
2194 1405 2639 1470 iureiurando:

370 1525 515 1600 „Ita
574 1546 667 1587 me
715 1525 790 1585 di
855 1525 1162 1608 deaeque
1220 1527 1469 1607 superi
1527 1537 1735 1609 atque
1789 1526 2017 1610 inferi
2058 1537 2119 1587 et
2159 1525 2642 1588 medioxumi“

370 1649 433 1708 et
485 1646 624 1727 ipsa
680 1642 969 1708 Romana
1021 1646 1331 1727 quaedam
1391 1649 1517 1727 est,
1596 1652 1666 1708 ut
1723 1648 1905 1710 docet
1955 1650 2207 1709 vetusta
2260 1646 2641 1728 precationis

369 1766 638 1828 formula
682 1764 991 1827 fetialium
1054 1766 1221 1848 apud
1291 1764 1426 1827 Liv.
1476 1765 1527 1847 1,
1575 1767 1676 1846 32,
1724 1768 1760 1829 9
1822 1767 2008 1845 „audi
2075 1765 2357 1849 Iuppiter
2382 1815 2397 1846 ‚
2455 1769 2518 1826 et
2573 1769 2643 1828 tu

368 1883 553 1964 Iunc,
601 1882 866 1959 Quirine
898 1884 1116 1966 diique
1163 1903 1385 1947 omnes
1419 1885 1723 1948 caelestes
1756 1905 2003 1968 vosque
2036 1888 2365 1949 terrestres
2397 1903 2646 1966 vosque

369 2005 603 2067 inferni
648 2004 922 2086 audite“,
965 2004 1076 2068 ubi
1120 2008 1447 2068 terrestres
1497 2008 1637 2068 sine
1683 2005 2074 2069 dubitatione
2121 2006 2329 2068 eidem
2373 2008 2524 2068 sunt
2567 2023 2642 2066 ac

369 2123 804 2206 medioxumi,
859 2126 899 2186 i.
956 2143 1009 2186 e.
1069 2143 1433 2207 camporum
1489 2129 1551 2187 et
1609 2116 1914 2188 silvarum
1981 2125 2120 2206 dei,
2180 2123 2526 2187 fluminum
2585 2126 2649 2185 et

369 2243 640 2307 fontium
698 2244 997 2324 numina,
1056 2243 1248 2307 Lares
1292 2243 1565 2307 Penates
1614 2244 1837 2326 Genii,
1896 2246 2091 2328 igitur
2150 2263 2219 2307 re
2279 2244 2419 2326 ipsa
2478 2242 2648 2305 haud

371 2364 480 2426 alii
522 2362 653 2426 fere
694 2383 887 2447 quam
945 2366 1055 2446 qui
1100 2364 1293 2427 altero
1350 2365 1488 2427 loco
1536 2366 1832 2428 dicuntur
1880 2366 2141 2446 ‚minuti
2185 2367 2247 2427 et
2285 2362 2641 2447 patellarii‘.

371 2484 431 2547 A
474 2482 730 2547 Graecis
779 2503 950 2564 vero,
997 2503 1388 2567 quamquam
1420 2485 1752 2566 tripartitio
1796 2484 2023 2548 mundi
2069 2486 2134 2546 in
2182 2483 2429 2564 caelum
2474 2501 2647 2545 mare

369 2608 600 2667 terram
658 2603 724 2684 (i.
772 2621 824 2663 e.
874 2602 939 2663 in
987 2601 1363 2683 profundam
1406 2605 1660 2682 terram)
1706 2604 2156 2686 antiquissima
2202 2606 2331 2683 est,
2385 2601 2648 2664 deorum

371 2725 584 2785 tamen
632 2721 758 2783 duo
808 2739 1060 2802 semper
1106 2721 1271 2782 inter
1332 2739 1400 2784 se
1448 2721 1934 2803 opponebantur
1973 2740 2249 2805 genera,
2307 2726 2360 2782 οἱ
2400 2713 2521 2780 ἄνω
2569 2757 2650 2765 -

374 2845 427 2902 οἰ
472 2830 643 2901 κάτω
683 2840 789 2901 vel
840 2845 893 2900 oi
936 2836 1154 2901 ὕπατοι
1187 2878 1263 2886 -
1291 2845 1343 2900 οἱ
1371 2830 1612 2922 χθόνιοι
1655 2841 1760 2903 vel
1808 2847 1860 2903 οἱ
1917 2831 2170 2926 οὐράνιοι
2210 2878 2260 2885 -
2302 2846 2353 2901 οἱ
2392 2828 2649 2923 χθόνιοι,

373 2979 520 3023 cum
562 2948 802 3044 χθόνιοι
845 2959 938 3021 eis
984 2962 1202 3021 essent
1233 2959 1441 3022 eidem
1473 2962 1663 3042 atque
1697 2951 2099 3045 καταχθόνιοι
2130 2979 2246 3023 seu
2277 2949 2649 3043 ὑποχθόνιοι,

375 3097 459 3140 sc.
519 3079 631 3161 qui
685 3076 847 3139 infra
908 3080 1108 3139 terrae
1163 3075 1566 3158 superficiem
1645 3077 1828 3140 sedes
1894 3077 2178 3141 habitant
2246 3078 2340 3158 (cf.
2411 3076 2652 3141 Preller

373 3195 671 3259 Demeter
714 3196 844 3259 und
883 3193 1294 3277 Persephone
1336 3215 1398 3278 p.
1453 3197 1601 3279 187)
1621 3196 1693 3275 *).

542 3313 840 3397 Denique
881 3315 960 3377 ad
991 3315 1205 3398 ipsum
1229 3311 1526 3377 Plautum
1557 3315 1887 3378 referenda
1919 3320 2016 3378 est
2049 3315 2458 3379 Geniorum
2489 3316 2649 3378 cul-

371 3439 494 3499 tus
540 3434 1072 3499 commemoratio.
1143 3432 1290 3496 Non
1338 3453 1462 3516 quo
1505 3434 1721 3516 opinio
1753 3435 2068 3498 eiusmodi
2100 3436 2310 3518 qualis
2340 3431 2649 3498 Romanis

373 3559 506 3618 erat
546 3555 624 3617 de
671 3552 891 3617 Geniis
923 3573 961 3615 a
991 3551 1376 3615 Graecorum
1407 3553 1640 3615 animis
1675 3554 1935 3615 omnino
1968 3552 2373 3616 abhorruerit.
2444 3553 2648 3617 Immo

373 3677 435 3738 et
476 3674 602 3757 ipsi
646 3670 1098 3736 existimabant
1143 3672 1492 3753 unicuique
1561 3672 1804 3735 homini
1863 3672 2013 3735 inde
2082 3671 2160 3735 ab
2229 3676 2368 3736 ortu
2426 3674 2649 3737 adesse

377 3794 565 3857 deum
615 3792 934 3876 quendam
990 3793 1126 3854 sive
1177 3810 1417 3854 numen
1479 3791 1773 3854 divinum
1817 3792 2015 3854 fatum
2063 3794 2203 3855 eius
2251 3794 2541 3856 sortitum
2589 3797 2650 3856 et

376 3913 561 3995 quasi
602 3911 891 3975 fortunae
934 3911 1382 3974 necessitatem
1427 3913 1495 3973 in
1529 3929 1674 3973 eum
1710 3913 2131 3974 exercentem.
2227 3910 2410 3987 Quod
2451 3913 2649 3975 diser-

512 4118 566 4186 *)
607 4116 952 4172 Christianae
989 4117 1201 4171 demum
1239 4118 1435 4171 aetatis
1473 4118 1760 4186 scriptores
1798 4116 2003 4169 addunt
2039 4119 2320 4170 terrestres
2357 4121 2647 4185 usurpant·

374 4220 476 4272 que
512 4204 614 4259 hoc
652 4221 811 4259 sensu
853 4197 1076 4271 χθόνιος,
1116 4204 1181 4257 cf.
1220 4203 1482 4272 Porphyr.
1522 4203 1585 4256 de
1625 4207 1764 4255 antr.
1787 4203 2003 4271 nymph.
2028 4203 2059 4255 6
2098 4206 2230 4268 ,,τοῖς
2249 4201 2335 4272 μὲν
2360 4198 2649 4272 Ὀλυμπίοις

374 4289 508 4349 θεοῖς
544 4329 556 4339 .
596 4329 608 4340 .
648 4328 660 4340 .
697 4288 917 4357 χθονίοις
954 4288 1007 4341 δὲ
1045 4331 1053 4339 .
1097 4331 1106 4339 .
1148 4330 1158 4339 .
1198 4287 1562 4357 ὑποχθονίοιῴι.
