3028 4990
1295 285 1712 347 -16-

362 468 617 529 revocat
667 467 1066 546 interrogans
1124 467 1270 547 (639
1314 472 1464 552 sq.):
1537 441 1728 545 „Non
1770 471 2090 533 meministi
2122 493 2215 533 me
2257 493 2507 534 auream
2552 472 2639 532 ad

361 593 414 644 te
470 584 718 667 adferre
768 582 963 644 natali
1003 584 1098 646 die
1138 584 1450 649 Lunulam
1492 600 1669 672 atque
1712 590 1973 652 anellum
2015 589 2325 653 aureolum
2369 590 2432 650 iu
2477 588 2637 671 diqi-

363 701 640 764 tulum?“
731 701 894 765 Sunt
937 708 1151 767 autem
1190 707 1310 770 hae
1354 727 1457 771 res
1502 710 1838 792 eiusmodi,
1884 710 2119 793 quibus
2163 710 2480 773 fascinum
2524 708 2636 770 de-

363 822 515 905 pelli
570 826 819 885 veteres
879 824 1298 889 crediderunt.
1390 827 1687 913 Namque
1750 831 2008 894 lunulas
2069 849 2153 893 ex
2217 829 2486 892 metallis
2532 828 2642 890 vel

364 941 681 1024 lapidibus
733 942 927 1007 factas
985 947 1338 1011 infantibus
1404 968 1514 1031 pro
1576 951 1771 1013 tutela
1816 952 1881 1012 in
1930 951 2091 1013 collo
2138 934 2530 1032 suspendere
2576 952 2644 1009 et

368 1061 591 1123 Graeci
648 1065 711 1124 et
754 1060 1030 1128 Romani
1073 1072 1474 1150 consuerant,
1535 1069 1609 1131 cf.
1659 1068 1728 1131 O.
1778 1068 1957 1150 Iahn,
2026 1067 2223 1150 „iiber
2266 1069 2390 1131 den
2435 1067 2641 1131 Aber-

364 1179 642 1263 glauben
682 1181 796 1245 des
841 1182 1043 1247 bosen
1085 1185 1301 1250 Blicks
1343 1186 1448 1250 bei
1493 1188 1618 1250 den
1661 1189 1919 1269 Alten“,
1961 1187 2107 1251 Ber.
2150 1188 2208 1250 d.
2242 1188 2452 1260 sache.
2484 1187 2634 1259 GeS,

367 1302 422 1363 d.
471 1301 574 1365 W.
625 1304 805 1366 1855.
860 1324 917 1386 p.
963 1307 1044 1366 42
1086 1324 1178 1388 sq.
1268 1307 1482 1390 Atque
1538 1309 1729 1370 etiam
1791 1309 2039 1371 anellus
2097 1306 2415 1386 aureoluS,
2474 1307 2642 1367 sicut

365 1422 472 1484 ille
512 1425 626 1504 qui
669 1411 939 1485 occur⁰rit
980 1422 1158 1487 Cure.
1207 1426 1330 1487 653
1377 1445 1510 1509 sqq.
1577 1426 1676 1509 (cf.
1724 1448 1784 1509 p.
1832 1429 1915 1508 9),
1984 1429 2206 1510 opinor
2262 1426 2638 1508 intellegen-

367 1541 488 1604 dus
549 1545 645 1603 est
697 1543 775 1623 ie,
843 1562 1035 1625 quem
1081 1544 1304 1607 Graeci
1350 1550 1655 1609 vocarunt
1712 1537 2038 1607 δακτύλιον
2085 1547 2465 1632 φαρμακίτην
2509 1547 2642 1607 cui-

370 1681 495 1745 que
541 1664 856 1745 magicam
903 1666 1031 1725 vim
1078 1664 1456 1746 tribuerunt,
1501 1665 1576 1728 cf.
1624 1665 1882 1729 Becker.
1936 1666 2205 1729 Oharikl.
2255 1665 2333 1747 12,
2379 1687 2437 1749 p.
2491 1667 2633 1727 329.

367 1781 670 1844 Eiusdem
714 1786 967 1866 generis
1016 1788 1166 1846 sunt
1206 1786 1276 1846 in
1318 1782 1614 1848 Rudente
1659 1784 2017 1849 Palaestrae
2065 1786 2430 1869 crepundia,
2476 1804 2639 1869 quae

369 1901 446 1963 ad
505 1904 818 1965 actionem
875 1924 1001 1966 non
1059 1906 1370 1967 minorem
1430 1907 1564 1968 vim
1625 1905 1859 1968 habent
1916 1925 2105 1988 quam
2168 1905 2411 1969 cistella
2468 1912 2636 1982 (cum

366 2021 750 2105 crepundiis)
815 2025 884 2084 in
942 2023 1153 2087 fabula
1219 2024 1371 2087 inde
1430 2028 1890 2108 cognominata.
1999 2023 2250 2088 Etenim
2307 2045 2454 2088 cum
2512 2025 2639 2087 illis

370 2143 516 2206 olim
589 2144 778 2225 periit
842 2127 1163 2207 Palaestra
1227 2147 1412 2208 trima
1478 2147 1691 2229 puella
1755 2146 1849 2227 (cf.
1903 2147 2049 2226 744)
2114 2167 2151 2208 a
2214 2144 2639 2227 praedonibus

367 2269 543 2345 rapta
607 2263 701 2343 (cs.
751 2264 858 2344 40)
914 2264 1301 2348 devenitque
1355 2268 1419 2328 in
1486 2270 1863 2347 potestatem
1907 2265 2179 2345 lenonie,
2242 2265 2354 2346 qui
2406 2264 2642 2326 ademit

369 2385 427 2445 ci
472 2383 763 2446 cistulam
812 2382 921 2445 ubi
956 2385 1226 2465 inerant,
1290 2407 1405 2459 „ne
1448 2387 1622 2466 copia
1667 2387 1785 2446 eius
1836 2394 1996 2458 esset,
2044 2383 2149 2465 qui
2188 2405 2322 2444 suos
2360 2393 2640 2462 parentes

366 2511 682 2566 nosceret&
771 2501 948 2565 Haec
993 2506 1223 2568 cistula
1265 2525 1410 2567 curn
1454 2508 1627 2586 navi,
1675 2525 1801 2589 qua
1842 2504 1989 2567 leno
2023 2506 2291 2585 patriam
2320 2503 2640 2585 fugiturus

324 2709 330 2713 .
370 2626 521 2702 erat,
578 2621 883 2685 fluctibus
929 2622 1264 2706 absumpta
1319 2625 1397 2687 ad
1456 2626 1605 2687 litus
1649 2625 2006 2707 appellitur,
2069 2623 2176 2687 ubi
2222 2623 2453 2706 Gripus
2500 2643 2640 2687 eam

367 2743 487 2804 reti
548 2742 836 2804 extrahit.
929 2741 1224 2805 Defertur
1273 2744 1347 2805 ad
1395 2764 1575 2806 erum
1622 2746 1761 2808 eius
1804 2743 2221 2824 Daemonem,
2281 2742 2640 2807 Palaestrae

368 2869 634 2947 patrem,
679 2866 791 2948 qui
834 2866 1229 2947 recognoscit
1271 2864 1468 2927 filiam
1514 2884 1590 2928 eo
1639 2865 1808 2949 quod
1853 2864 2107 2948 singula
2145 2865 2639 2946 crepundiorum

371 2986 680 3067 particula
741 2987 800 3047 ei
847 2988 1206 3048 memoriter
1250 2986 1584 3047 enumerat
1626 2988 1817 3066 atque
1862 2982 2161 3046 describit
2218 2985 2413 3064 <1154
2457 2986 2635 3066 sqq.).

379 3104 519 3179 Qua
580 3124 665 3166 ex
735 3105 1155 3187 descriptione
1223 3105 1431 3167 elucet
1494 3104 1695 3166 fuisse
1758 3104 1997 3166 monile
2063 3122 2363 3185 aureum,
2432 3104 2644 3186 qualia

376 3226 598 3288 Graeci
641 3223 989 3287 infantibus
1032 3228 1094 3285 ct
1136 3224 1365 3286 fascini
1407 3242 1601 3285 causa
1645 3213 2056 3308 (περιάμματα
2087 3223 2190 3285 vel
2218 3213 2642 3309 προβασκάνια,

373 3551 405 3588 a
456 3537 601 3587 certo
663 3537 901 3601 tempore
955 3548 1147 3600 pueros
1196 3532 1405 3585 initiari
1460 3548 1605 3584 more
1655 3531 2122 3584 Atheniensium“.
2207 3531 2286 3583 Ex
2342 3547 2445 3598 quo
2498 3530 2633 3593 loce,

372 3620 614 3689 quamvis
669 3620 950 3687 corruptus
988 3617 1062 3671 sit
1097 3618 1207 3670 sive
1243 3618 1581 3671 librariorum
1620 3616 1776 3685 culpa
1813 3618 1924 3671 sive
1964 3618 2132 3687 ipsius
2174 3617 2391 3679 Donati,
2448 3617 2540 3685 qui
2576 3633 2639 3669 cx

384 3707 531 3760 fonte
568 3721 811 3774 perverso
849 3704 1276 3768 transscriberet‚
1314 3705 1447 3758 illud
1481 3708 1664 3756 tamen
1700 3704 1943 3772 sequitur
1969 3705 2332 3768 ‚,initiabunt⁶‘
2365 3703 2643 3757 Terentia-

377 3809 502 3845 num
565 3794 807 3860 spec‘care
858 3808 963 3844 non
1013 3790 1082 3844 ad
1118 3791 1417 3844 Romanum
1455 3807 1655 3843 morem
1693 3807 1898 3857 pueroS,
1952 3791 2041 3844 ubi
2078 3793 2310 3859 primum
2348 3807 2379 3842 a
2415 3791 2557 3843 lacte
2593 3794 2649 3842 et

382 3895 414 3931 a
451 3878 631 3930 cuneis
683 3878 1017 3941 transierint,
1069 3876 1322 3929 initiandi
1361 3877 1586 3930 Eduliao
1624 3885 1679 3929 ot
1715 3875 1935 3928 Poticae
1973 3879 2029 3929 et
2065 3877 2243 3930 Cubae
2282 3877 2417 3929 divis
2456 3876 2646 3929 edendi

376 3969 432 4019 et
486 3963 709 4032 potandi
764 3965 820 4015 et
870 3962 1099 4015 cubandi
1142 3964 1325 4030 (quem
1362 3961 1533 4014 tradit
1567 3961 1737 4013 Varro
1774 3978 1857 4029 ap.
1897 3962 2094 4015 Donat.
2133 3964 2166 4016 1.
2207 3980 2250 4016 c.
2290 3967 2345 4016 et
2382 3980 2465 4031 ap.
2503 3963 2643 4016 Non.

369 4051 446 4113 11,
487 4049 638 4116 310),
699 4066 881 4102 verum
932 4048 998 4101 ad
1053 4049 1425 4116 mysteriorum
1483 4041 1654 4115 μύητιν
1689 4045 1775 4097 καὶ
1811 4035 2035 4113 τελετήν,’
2069 4066 2174 4117 qua
2228 4055 2443 4103 constat
2495 4050 2641 4118 ipsos

376 4136 609 4190 infantes
645 4152 677 4187 a.
718 4134 936 4190 Graecis
974 4136 1209 4188 imbutos
1249 4152 1378 4196 osse,
1420 4135 1484 4188 cf.
1525 4134 1821 4196 Hermann,
1857 4134 1890 4185 l.
1932 4150 1973 4186 c.
2014 4135 2046 4201 δ
2085 4135 2170 4197 32,
2200 4138 2248 4186 5.
2318 4134 2512 4202 Itaque
2550 4150 2645 4202 ap-

378 4225 531 4292 paret
585 4222 726 4292 quod
778 4223 1043 4277 Bcckerus
1094 4222 1229 4276 Gall.
1269 4221 1379 4283 11³,
1426 4238 1475 4290 p.
1516 4221 1582 4273 64
1638 4220 1836 4273 statuit
1888 4236 2066 4274 servos
2115 4222 2382 4274 Romanos
2431 4237 2645 4274 erorum

375 4310 555 4367 liberis
595 4310 778 4363 diebus
816 4309 1084 4363 natalibus
1122 4324 1341 4362 munera
1379 4308 1635 4360 obtulisse
1674 4306 1818 4360 omni
1853 4306 2201 4360 fundamento
2241 4324 2432 4361 carere.
