3028 4990
1373 282 1794 343 -54—
2553 349 2564 394 f

614 466 841 550 Neque
908 467 1125 530 dubito
1195 470 1352 550 quin
1417 488 1452 530 e
1524 468 1763 530 Graeco
1828 464 2092 528 Plautus
2156 467 2414 528 verterit
2480 464 2722 527 Bacch.

453 588 570 648 113
618 606 752 669 sqq.
814 585 1042 663 ,‚Quz‘d‚
1107 584 1264 646 huc?
1326 587 1456 668 quis
1502 587 1632 647 istic
1690 584 1900 646 habet?
1949 622 2022 630 --
2082 584 2303 645 Amor
2367 583 2728 664 Voluptas

467 706 690 767 Venus
752 704 1092 767 Venustas
1152 704 1510 767 Gaudium
1573 706 1781 766 Iocus
1835 701 2087 763 Ludus
2145 702 2390 765 Sermo
2447 704 2725 765 Suavi-

447 825 833 887 saviatio“.
876 821 1186 887 Videlicet
1230 826 1400 886 enim
1451 826 1520 887 in
1551 826 1759 887 Attico
1800 824 1939 885 eius
1975 822 2327 902 exemplari
2360 825 2728 886 meretricis

449 945 617 1006 domi
664 942 942 1005 habitare
987 943 1150 1005 dicta
1196 946 1327 1005 erat
1365 935 1682 1029 Ἀφροδίτη
1732 945 1970 1026 quique
2002 944 2263 1004 comites
2296 944 2355 1004 ei
2387 962 2423 1005 a
2454 942 2728 1005 Graecis

449 1064 655 1144 poetis
719 1061 1000 1125 adiuncti
1057 1065 1207 1124 Sunt
1268 1058 1640 1148 (11”Ερωτες
1687 1053 1945 1147 Χάριτες
1983 1050 2166 1146 τῼραι
2212 1054 2435 1123 Πειθώ
2483 1053 2733 1124 Παιδία

451 1182 593 1262 alii,
639 1181 715 1243 de
764 1180 997 1263 quibus
1044 1180 1114 1242 cf.
1161 1179 1414 1243 Preller.
1464 1181 1523 1243 Ι3
1563 1204 1618 1264 p.
1655 1184 1796 1244 419.
1889 1165 2319 1243 Conformavit
2364 1201 2517 1244 sane
2563 1184 2735 1246 hace

452 1302 713 1363 nomina
758 1336 839 1345 -—
905 1319 1116 1382 neque
1173 1302 1346 1362 enim
1407 1301 1482 1362 ad
1542 1299 1809 1362 verbum
1868 1301 2096 1362 referre
2154 1303 2357 1383 potuit
2400 1338 2481 1346 —
2527 1306 2732 1385 atque

454 1421 766 1483 ordinavit
818 1424 1005 1501 poeta
1058 1424 1274 1482 noster
1331 1439 1411 1481 ex
1471 1420 1936 1482 consuetudine
1998 1421 2189 1500 sua*)
2242 1389 2347 1502 ita,
2412 1426 2481 1483 ut
2527 1443 2726 1505 quam

452 1540 732 1609 maxime
777 1538 1142 1610 consuleret,
1178 1540 1695 1601 annominationi.
1775 1536 1941 1601 Voce
1987 1544 2198 1602 autem
2248 1541 2730 1620 ,Suavisaviatio‘

455 1660 607 1720 satis
669 1657 876 1739 lepide
940 1657 1236 1721 Plautum
1282 1657 1635 1720 reddidisse
1682 1658 1993 1721 Graecum
2034 1659 2289 1741 aliquod
2334 1660 2730 1725 vocabulum

457 1798 492 1838 a
536 1776 884 1839 Menandro
940 1780 1006 1839 in
1063 1776 1567 1860 Disexapatonte
1622 1778 1840 1842 fictum
1899 1783 2241 1861 sequentes
2284 1798 2510 1841 versus
2566 1781 2734 1842 mihi

453 1896 733 1959 indicare
769 1898 1086 1977 videntur,
1130 1896 1240 1959 ubi
1266 1895 1674 1977 Pistoclerus,
1722 1899 1832 1980 qui
1854 1898 2026 1960 illam
2053 1898 2236 1961 deam
2264 1874 2737 1980 nominarerat,

455 2037 491 2079 a
533 2017 896 2099 paedagogo
937 2019 1390 2100 interrogatus:
1454 2019 1601 2092 „An
1648 2017 1787 2078 deus
1833 2017 2009 2078 ullust
2046 2018 2481 2079 Szcazdsaviatio
2502 2018 2573 2079 ?“
2621 2038 2738 2082 ca-

455 2137 703 2200 villans
736 2137 1106 2219 respondet:
1152 2137 1324 2212 „laem
1368 2159 1569 2220 quam,
1618 2159 1650 2196 0
1684 2135 1881 2210 Lude,
1928 2159 1983 2197 es
2027 2138 2339 2212 barbarus,
2389 2136 2577 2214 Quem
2621 2160 2738 2220 390

457 2280 666 2340 sapere
716 2259 898 2319 nimio
956 2257 1151 2318 censui
1194 2255 1339 2337 plus
1397 2277 1580 2338 quam
1639 2255 1900 2324 Thalem.
2010 2257 2058 2316 I
2088 2257 2317 2318 stultior
2362 2279 2419 2318 es
2463 2258 2739 2320 barbaro

450 2379 694 2459 poticzb,
744 2377 865 2455 Qui
905 2388 1099 2438 tantus
1141 2386 1285 2437 natu
1332 2376 1579 2436 deorum
1619 2376 1801 2437 nescis
1843 2376 2148 2437 nomina“.
2205 2375 2383 2439 Haec
2416 2383 2450 2439 e
2484 2377 2736 2441 Graeco

460 2502 631 2562 fonte
673 2499 872 2561 fluere
921 2498 1143 2580 probat
1178 2495 1453 2560 Thaletis
1501 2515 1734 2558 nomen
1789 2532 1867 2541 —
1915 2499 2079 2559 sicut
2108 2497 2733 2587 PalainedissEupol.

460 2620 572 2701 frg.
609 2621 671 2699 2,
703 2620 840 2680 547.
888 2619 1075 2679 Arist.
1124 2616 1282 2678 Ran.
1331 2618 1486 2678 1451
1540 2654 1618 2662 -—-
1663 2618 1730 2678 in
1781 2619 1988 2679 Attica
2034 2618 2359 2681 comoedia
2403 2617 2738 2699 proverbii

462 2741 597 2803 loco
642 2741 1040 2819 usurpatum,
1087 2737 1158 2798 cs.
1190 2738 1381 2798 Arist.
1410 2737 1576 2800 Nub.
1610 2738 1758 2800 180:
1807 2737 1968 2799 redit
2011 2738 2173 2818 apud
2222 2737 2520 2800 Plautum
2552 2735 2731 2820 Capt.

463 2859 580 2920 271
629 2861 691 2919 et
731 2856 896 2919 Rud.
928 2856 1106 2919 1003.
1141 2894 1223 2902 —-
1274 2857 1568 2920 Ceterum
1614 2832 1781 2922 haud
1825 2856 2262 2938 improbabilis
2305 2862 2402 2919 est
2447 2859 2737 2939 suspicio

465 2978 533 3041 O.
566 2977 795 3058 Iahnii,
841 2976 945 3039 fib.
998 2976 1053 3038 d.
1089 2977 1222 3039 biis,
1259 2977 1440 3039 Blick
1484 2999 1544 3061 p,
1571 2980 1669 3060 76,
1713 2981 1840 3042 illis
1887 2977 2274 3040 Bacchidum
2311 2975 2602 3039 versibus
2649 2979 2735 3040 ad

462 3100 914 3179 inscriptiones
974 3097 1199 3159 fascini
1262 3117 1453 3160 causa
1517 3098 1810 3161 domibus
1871 3098 2186 3180 praefixas
2243 3097 2438 3160 alludi
2498 3098 2734 3180 (qualis

465 3219 573 3280 illa
619 3212 649 3277 ὁ
692 3221 802 3278 τοῦ
843 3209 974 3287 Διὸς
1017 3225 1152 3287 παῖς
1200 3217 1538 3290 καλλίνικος
1576 3217 1883 3302 Ἡρακλῆς
1927 3208 2145 3278 ἐνθάδε
2191 3226 2493 3277 κατοικεῖ·
2543 3208 2736 3300 μηδὲν

464 3338 663 3399 εἰσίτω
709 3327 933 3414 κακόν).

632 3454 840 3518 Tertio
887 3456 1023 3516 loco
1068 3453 1275 3517 Plauti
1320 3457 1608 3537 propriae
1641 3454 1942 3516 dicendae
1977 3461 2127 3517 sunt
2154 3457 2505 3519 locutiones
2540 3476 2734 3539 quae-

467 3711 760 3774 Neptaemum,
817 3708 1061 3765 Virtutem,
1118 3708 1396 3769 Victoriam,
1438 3689 1675 3771 Martem,
1718 3712 2001 3771 Bellonam,
2042 3728 2403 3760 conmemorare
2441 3730 2566 3774 quae
2606 3715 2730 3760 bona

484 3798 628 3847 Vobis
669 3797 988 3861 fecissent?“
1062 3796 1173 3847 Hos
1223 3797 1363 3848 enim
1413 3813 1594 3850 versus
1647 3814 1676 3847 a
1727 3798 1922 3851 Plauto
1970 3798 2112 3850 haud
2157 3797 2313 3851 dubie
2351 3799 2551 3851 alienos
2587 3803 2732 3852 recte

469 3883 535 3936 ad
584 3885 890 3950 praetextas
942 3883 1158 3934 rettulit
1197 3882 1538 3948 Ladewigius
1588 3884 1745 3935 anall.
1801 3885 1950 3952 phill.
1999 3886 2126 3936 1869
2164 3901 2212 3952 p.
2248 3885 2352 3937 473
2390 3902 2521 3953 sqq„
2574 3903 2729 3953 quom

469 3974 652 4022 tamen
688 3969 836 4035 fugit
874 3970 927 4020 in
969 3970 1098 4037 ipsis
1138 3969 1372 4037 prologis
1411 3970 1530 4021 illos
1569 3970 1690 4022 deos
1750 3970 1808 4022 in
1849 3987 2059 4023 scenam
2089 3970 2346 4038 prodiissc
2387 3972 2731 4037 (Ribbeckius

470 4057 572 4119 ‚‚D.
611 4060 740 4107 rom.
781 4054 1010 4121 Trag'od.
1050 4057 1084 4107 i.
1121 4056 1336 4109 Zeitalt.
1371 4056 1417 4107 d.
1459 4056 1722 4124 Republ.“
1761 4073 1882 4110 cum
1921 4055 2056 4108 dicit
2096 4073 2145 4124 p.
2177 4057 2243 4110 75
2280 4058 2398 4111 adn.
2440 4058 2733 4126 „Ladewig

469 4144 502 4196 1.
542 4160 585 4196 c.
629 4142 826 4194 nimmt
875 4158 958 4203 an,
1009 4143 1128 4194 dass
1166 4143 1353 4194 Virtus
1400 4142 1566 4195 selbst
1616 4143 1688 4194 im
1727 4142 1926 4209 Prolog
1963 4145 2300 4209 ausgetrctcn
2344 4146 2473 4205 sei“‚
2523 4145 2732 4197 videtur

470 4229 832 4297 Ladcwigium
874 4246 977 4281 non
1021 4234 1163 4282 recte
1199 4230 1529 4297 inspexisse).

607 4318 663 4384 *)
704 4316 785 4370 Cf.
827 4334 869 4369 e.
910 4334 961 4382 g.
1002 4316 1359 4369 iuramentum
1398 4316 1595 4369 Bacch.
1635 4317 1739 4369 892
1774 4335 1888 4385 sqq.
