3028 4990
1370 298 1826 396 -18‚--'

441 484 792 545 veniuntur
856 483 1024 565 apud
1070 481 1344 546 Graecos
1389 486 1660 567 vestigia
1677 485 1736 566 *)
1795 501 2003 564 neque
2050 481 2720 565 quidquamadmira-

440 601 632 664 tionis
691 600 877 664 habet
932 604 999 664 in
1062 604 1378 684 amuletiS,
1438 624 1708 685 quorum
1766 602 2110 666 efficaciam
2159 607 2447 665 veterum
2492 620 2726 693 super-⁴

443 723 613 783 stitio
657 721 762 783 vel
809 724 1093 785 externis
1136 725 1537 806 potissimum
1583 723 1681 785 dis
1722 722 2073 800 attribuerit
2109 723 2206 797 (cf.
2258 720 2327 782 O.
2374 721 2552 800 Iahn,
2599 722 2636 783 l.
2674 722 2715 782 l.

441 859 502 922 p.
559 841 681 920 46).
797 844 1006 923 Atque
1074 842 1191 904 hoc
1254 844 1393 924 ipso
1458 842 1770 924 symbolo,
1849 844 1999 925 quia
2068 843 2336 904 occurrit
2395 843 2584 903 etiam
2644 842 2718 903 in

442 958 757 1042 Rudente,
803 962 1205 1043 potissimum
1253 941 1571 1025 evincitur
1614 967 1674 1025 et
1719 962 1892 1025 illam
1939 964 2203 1023 statuam
2260 961 2481 1023 Graeci
2530 962 2719 1041 pueri

443 1098 586 1141 esse
641 1082 984 1161 imaginem
1045 1086 1107 1146 et
1170 1101 1395 1144 versus
1441 1081 1772 1145 Plautinos
1830 1101 1912 1143 ex
1957 1061 2163 1143 Attica
2222 1081 2547 1143 comoedia
2603 1100 2721 1142 ex-

443 1218 716 1279 pressos.
805 1200 921 1263 Oui
984 1205 1334 1264 sententiae
1389 1221 1470 1264 ne
1530 1202 1591 1263 id
1649 1202 1906 1283 quidem
1954 1199 2176 1280 obstat,
2238 1200 2404 1283 quod
2449 1197 2717 1263 Plautus

445 1318 669 1382 ultimo
735 1320 872 1383 loco
941 1323 1007 1383 in
1072 1322 1438 1403 crepundiis
1499 1324 1784 1384 nominat
1842 1321 2078 1384 bullam
2144 1339 2422 1398 auream,
2489 1319 2720 1381 fascIni

442 1441 865 1501 tutamentum
896 1459 1046 1501 vere
1077 1439 1456 1503 Romanum.
1551 1441 1708 1503 Nam
1751 1461 1896 1503 cum
1947 1445 2195 1503 veteres
2243 1443 2529 1501 auctores
2576 1438 2721 1501 bul·

443 1556 568 1619 lam
614 1576 863 1640 semper
907 1578 1247 1640 puerorum
1287 1565 1731 1623 ornamentum
1778 1561 2143 1643 significent
2187 1559 2286 1640 (cf.
2323 1558 2720 1640 Marquardt-

444 1676 802 1740 Mommsen
851 1678 994 1760 VII,
1043 1699 1102 1761 p.
1134 1681 1214 1742 83
1262 1700 1354 1763 sq.
1401 1685 1464 1742 et
1511 1682 1654 1758 122)
1706 1700 1911 1762 neque
1956 1680 2201 1762 puellas
2250 1698 2390 1741 eam
2431 1681 2720 1759 gestasse

445 1797 648 1859 ullum
703 1798 923 1861 doceat
990 1804 1100 1862 aut
1152 1801 1477 1863 literarum
1538 1804 1647 1863 aut
1709 1802 1858 1862 artis
1916 1804 2401 1862 monumentum
2469 1800 2722 1879 praeter

447 1935 639 1978 unam
711 1918 1194 2000 inscriptionem
1262 1938 1440 1983 serae
1516 1923 1736 1983 aetatis
1808 1907 2241 2002 minimaeque
2320 1919 2714 1982 auctoritatis

446 2033 637 2097 Orelli
688 2034 842 2097 1301
916 2035 1186 2116 „Iunoni
1245 2038 1531 2119 placidae
1591 2041 2038 2102 conservatriei
2099 2024 2408 2121 augustae
2454 2036 2721 2099 Claudia

445 2153 734 2217 Sabbatis
780 2155 1020 2218 bullam
1063 2156 1118 2218 d.
1149 2157 1204 2219 d.
1213 2158 1247 2189 “
1296 2158 1417 2237 (est
1457 2162 1828 2242 transcripta
1874 2179 1956 2221 ex
2003 2158 2326 2221 Boissardi
2355 2158 2720 2238 Antiquita-

441 2273 636 2356 tibus,
700 2274 874 2338 Tem.
921 2274 984 2336 11
1046 2295 1093 2337 S.
1142 2275 1303 2339 Part
1351 2276 1463 2358 IV,
1521 2299 1577 2360 p.
1633 2280 1768 2341 128.
1837 2279 2079 2341 Flranci
2136 2279 2341 2358 1598),
2415 2265 2726 2338 existimo>

445 2394 547 2456 hie
602 2393 898 2457 Plautum
951 2416 1065 2478 pro
1116 2400 1332 2480 ignoto
1385 2388 2002 2482 ειί1ᾳυο,,περιάπτῳ
2064 2390 2176 2458 ὑπὸ
2240 2400 2366 2456 τῶν
2420 2399 2720 2478 γυναικῶν

444 2519 534 2593 τῷ
576 2506 865 2600 τραχήλῳ
914 2517 1391 2602 περι·χ.ηρτηνμε-ίνῳ<ι
1439 2522 1538 2600 (ut
1581 2522 1666 2581 ait
1711 2518 1871 2581 Plut.
1907 2518 2127 2580 Pericl
2166 2518 2290 2597 38),
2338 2516 2504 2599 quod
2551 2518 2718 2578 inter

442 2636 692 2717 puellae
760 2636 1103 2719 crepundia
1148 2638 1475 2719 exemplar
1521 2637 1882 2718 exhibebat
1938 2639 2343 2700 notissimum
2389 2635 2716 2699 Romanae

448 2756 799 2818 iuventutis
847 2754 1079 2817 nobilis
1128 2758 1384 2838 insigne
1430 2758 1746 2838 posuisse,
1790 2757 1867 2819 de
1917 2758 2168 2839 puellae
2215 2755 2489 2839 praebiis
2537 2775 2717 2817 men-

446 2877 682 2937 tionem
724 2875 860 2938 fieri
906 2896 1167 2958 prorsus
1212 2877 1627 2939 incuriosum.

616 2995 689 3058 In
755 2996 1316 3059 Menaechmis
1364 2996 1666 3058 Graecam
1730 2998 2039 3078 originem
2088 2995 2267 3057 facile
2313 2998 2583 3058 ostentat
2626 2994 2714 3055 le-

448 3118 780 3199 pidissima
824 3116 933 3177 illa
977 3134 1168 3177 scena
1208 3113 1305 3195 (V,
1348 3116 1433 3195 2),
1478 3118 1541 3177 111
1595 3135 1719 3197 qua
1754 3116 1908 3177 alter
1938 3117 2363 3198 geminorum,
2411 3135 2447 3176 a
2480 3112 2714 3196 quibus

446 3236 661 3298 fabula
726 3254 959 3297 nomen
1024 3237 1242 3314 traxit,
1310 3235 1379 3294 ἐκ
1435 3226 1700 3318 Βάκχου,
1772 3235 2005 3297 deinde
2064 3226 2129 3307 ἐξ
2176 3224 2580 3313 Ἀπόλλωνος,
2645 3238 2717 3295 ut

449 3355 669 3418 Graeci
718 3355 954 3434 dicunt,
1002 3352 1321 3436 μαίνεσθαι
1363 3356 1705 3416 ementitur
1749 3354 2053 3416 imitando
2085 3354 2443 3436 tragoediae
2474 3353 2713 3436 grande

448 3494 657 3558 genus
716 3474 988 3554 dicendi,
1044 3474 1120 3535 de
1178 3493 1302 3555 qua
1364 3474 1435 3535 cf.
1503 3472 1874 3555 Kiessling.,
1933 3474 2237 3547 Analecta
2294 3472 2589 3535 Plautina
2631 3470 2715 3553 11,

448 3594 584 3658 Ind.
630 3595 770 3660 lect.
818 3594 1171 3676 Gryphisw,
1226 3593 1404 3655 1881.
1455 3614 1511 3675 p.
1557 3591 1672 3654 IX.

593 3882 648 3949 ³¹⁶)
700 3883 779 3936 Cf.
818 3882 1077 3937 Welcker.
1126 3882 1327 3948 griech.
1379 3880 1719 3935 Gotterlehre
1767 3881 1811 3944 1,
1866 3899 1915 3949 p.
1954 3883 2050 3934 641
2093 3898 2168 3949 sq.
2269 3881 2387 3933 Huc
2442 3882 2716 3949 pertinent

452 3969 615 4022 etiam
666 3968 918 4036 bipennes
968 3970 1175 4022 votivae
1225 3984 1285 4020 ex
1337 3968 1453 4020 auri
1502 3967 1715 4020 laminis
1770 3968 1852 4020 vel
1901 3984 1960 4020 ex
2006 3985 2124 4021 aere
2175 3985 2348 4030 cusae,
2401 3985 2536 4036 quae
2573 3969 2717 4030 haud

450 4071 653 4123 paucae
690 4071 858 4122 nuper
883 4055 1160 4122 Olympiae
1202 4056 1257 4106 et
1283 4054 1522 4121 Mycenis
1548 4054 1603 4106 in
1635 4055 1893 4123 sepulcris
1921 4058 2163 4121 repertae
2189 4058 2333 4118 sunt,
2372 4055 2435 4107 cf.
2469 4057 2532 4108 A.
2554 4056 2716 4108 Furt-

452 4141 719 4207 waengler
757 4140 892 4203 „Die
919 4140 1284 4193 Bronzefunde
1321 4156 1416 4192 aus
1443 4140 1689 4207 Olympia
1732 4142 1838 4192 und
1876 4139 2034 4192 deren
2077 4141 2422 4207 kunstgesch.
2455 4142 2714 4196 Bedeut.“

453 4226 716 4280 Abhandl.
775 4225 824 4278 d.
878 4226 1077 4293 konigl.
1116 4226 1284 4279 Akad.
1333 4225 1381 4278 d.
1425 4226 1506 4278 W.
1561 4224 1702 4278 Berl.
1745 4226 1892 4279 1879.
1942 4242 1993 4293 p.
2031 4227 2098 4279 33
2135 4243 2211 4294 sq.
2265 4231 2320 4280 et
2365 4228 2717 4282 Milchhoefer

454 4313 591 4376 „Die
630 4313 878 4380 Aufange
917 4311 965 4363 d.
1004 4312 1184 4364 Kunst
1220 4312 1274 4364 in
1319 4311 1656 4366 Griechenl.“
1696 4313 1873 4382 Leipz.
1917 4313 2065 4367 1883.
2107 4330 2153 4380 p.
2198 4313 2295 4365 116
2336 4331 2412 4383 sq.
